1839 3265
849 169 1134 212 -34—

250 290 472 346 dgssfirluyng
517 286 676 334 Φαίαξ;
721 288 812 327 tuni
861 283 973 340 apud
1022 283 1215 326 Plinium
1255 283 1308 325 N.
1342 283 1397 326 H.
1440 282 1507 327 IV
1556 283 1755 327 52009·-

246 375 339 413 aym
367 360 542 400 Homero
573 358 680 397 dieta
702 355 870 397 Scheria
905 360 940 394 ct
961 354 1184 406 I’laeacac‘e'a,
1220 353 1472 396 Callimacho
1503 354 1625 396 eliam
1647 353 1756 397 Dre-

241 445 363 483 pane.
430 428 508 470 x'ir
541 427 717 478 doctus,
762 428 994 481 postquam
1035 439 1203 467 summa
1233 424 1468 481 diligentia
1500 425 1636 469 etiam
1668 425 1758 469 alia

246 499 495 543 testimonia
541 497 865 554 pertractavit,
914 496 991 538 has
1033 496 1278 540 mentiones
1314 497 1540 554 Corcyrae
1583 497 1630 540 in
1661 512 1756 541 car-

244 572 353 613 miu‹=
386 571 437 613 ‹h-
476 569 749 625 Argonautis
780 568 861 610 huc
892 567 1231 611 advenientibus
1266 584 1362 612 esse
1396 569 1541 612 factas
1574 569 1755 614 statuit.

245 644 321 684 (¹ui
365 641 628 683 conclusioni
668 640 865 682 nonnihil
913 640 1067 682 auxilii
1113 640 1291 683 aliunde
1323 655 1583 698 comparare
1623 656 1754 698 posse

243 715 342 758 mihi
377 714 540 756 videor.
603 713 713 756 Nam
746 717 877 769 pocta
897 711 1141 768 Corcyram
1166 712 1356 755 insulam
1384 712 1519 756 etiam
1550 713 1756 770 apposito

241 788 546 844 φιλοξεινωτάτη
580 785 769 828 ornavit.
856 785 1028 827 Versus
1071 789 1140 828 est
1180 784 1335 840 hymni
1375 784 1421 826 in
1450 785 1612 828 Delum
1644 785 1754 829 156:

473 856 555 900 οὐδ’
587 857 673 914 ἥτις
706 857 898 913 Κέρκυρα
929 857 1237 915 φιλοξεινωτάτη
1271 856 1441 906 ἀλλέων,

244 928 356 970 Sanc
389 928 465 970 illa
498 927 593 970 laus
639 926 821 969 eximiae
853 926 1146 969 liberalitatis
1188 926 1330 983 primo
1361 926 1458 970 loco
1490 925 1548 969 ad
1577 926 1756 978 Ulixem

242 1014 266 1042 a
288 999 556 1041 Phaeacibus
589 998 837 1041 humaniter
870 998 1079 1041 affectum
1111 998 1312 1054 attingit.
1377 997 1465 1041 Sed
1495 998 1542 1040 in
1572 997 1651 1041 illo
1683 1014 1754 1042 su-

240 1070 459 1127 perlativo
504 1070 618 1112 haud
664 1070 826 1112 iniuria
874 1070 1036 1113 famam
1088 1070 1224 1114 etiam
1266 1070 1448 1113 Medeae
1493 1070 1756 1128 Iasonisque

242 1141 355 1197 apud
397 1141 615 1184 Phaeaces
657 1142 1020 1184 commorantium
1071 1156 1296 1198 agnosces.
1382 1141 1494 1184 Tum
1551 1142 1755 1200 opinione

243 1211 433 1253 He‹·keri
465 1214 644 1267 recepta
673 1211 803 1254 facile
835 1211 1118 1268 intellegitur
1151 1227 1228 1254 cur
1252 1211 1406 1255 Colchi
1433 1217 1756 1270 persequentes

240 1283 285 1325 in
316 1282 501 1325 Adriani
532 1283 796 1327 advenerint
812 1285 851 1336 ¹).
913 1284 1072 1341 ltaque
1105 1299 1272 1327 summa
1311 1284 1635 1341 probabilitate
1669 1284 1756 1328 dici

242 1357 392 1410 potest
426 1354 740 1397 Callimachum
771 1356 886 1399 sicut
918 1356 1157 1409 Timaeum,
1189 1356 1435 1410 Philetam,
1467 1357 1757 1414 Apollonium

243 1426 288 1467 in
317 1441 495 1469 numero
529 1441 679 1469 eorum
710 1427 785 1484 qui
830 1428 1009 1485 nuptias
1042 1428 1223 1472 Medeae
1256 1429 1302 1471 in
1334 1428 1538 1486 Corcyra
1569 1424 1754 1474 colloca-

249 1498 399 1541 verint
430 1498 675 1541 habendum
708 1514 816 1543 esse.

356 1570 520 1613 Restat
551 1573 602 1614 ut
633 1570 807 1627 singula
831 1571 1134 1628 perstringam
1155 1572 1197 1615 in
1218 1573 1376 1630 quibus
1397 1576 1533 1630 poeta
1546 1574 1755 1618 Rhodius

245 1641 289 1683 in
322 1642 500 1685 vocibus
535 1646 579 1685 et
623 1644 893 1687 ornamentis
928 1644 1144 1688 orationis
1177 1646 1444 1702 magistrum
1474 1663 1602 1690 suum
1631 1663 1753 1691 secu-

243 1716 316 1755 tus
350 1716 430 1756 est.
493 1713 625 1756 Cuius
659 1715 834 1769 generis
879 1716 1079 1773 exempla
1111 1717 1324 1775 pleraque
1353 1717 1614 1762 Knaackius
1640 1717 1758 1776 apud

243 1784 388 1840 Pauly
435 1790 478 1828 et
511 1786 646 1829 XViss.
693 1803 725 1829 s,
760 1804 800 1830 v.
833 1789 1191 1845 Apollonius
1213 1789 1475 1833 Rhodius
1518 1790 1757 1847 congessit.

243 1855 387 1898 Unum
418 1858 601 1900 afferam
633 1874 715 1915 quo
749 1860 876 1916 quale
909 1860 969 1904 sit
1000 1864 1146 1904 totum
1177 1877 1317 1918 genus
1339 1861 1472 1905 facile
1494 1863 1755 1920 perspicias.

245 1928 507 1984 Apollonius
540 1929 584 1971 in
615 1930 729 1974 libro
763 1932 920 1986 altero,
955 1933 1169 1990 quomodo
1201 1933 1285 1976 filii
1314 1933 1474 1976 Phrixi
1505 1934 1758 1979 Colchidem

243 1999 540 2055 relinquentes
598 2001 643 2043 in
689 2002 922 2046 Graeciam
963 2020 1139 2048 cursum
1185 2005 1458 2062 dirigerent,
1503 2006 1570 2050 his
1608 2007 1759 2051 verbis

247 2070 468 2126 depingit:
502 2087 589 2115 vss.
626 2074 735 2116 1093
768 2091 856 2132 seq.

531 2143 641 2201 υἱῆες
673 2145 837 2202 Φρίξοιο
870 2151 971 2204 μετὰ
1000 2151 1133 2192 πτόλιν
1164 2149 1436 2208 Ὀρχομενοῖο

529 2215 570 2264 ἐξ
602 2217 711 2275 Αἴης
742 2218 894 2263 ἐνέοντο
926 2221 1020 2278 παρ’
1054 2221 1214 2279 Αἰήταο
1246 2223 1442 2266 Κυταίου.

362 2286 539 2338 Quanta
571 2288 630 2331 sit
661 2289 727 2332 his
761 2306 854 2333 cum
888 2292 1194 2336 Callimacheis
1228 2294 1376 2350 (Frag.
1411 2294 1531 2348 113)

530 2359 730 2417 ἄρχμενος
766 2362 820 2411 ὡς
849 2364 979 2420 ἥρωες
1010 2361 1076 2407 ἀπ’
1111 2365 1270 2422 Αἰήταο
1301 2366 1481 2409 Κυταίου

249 2426 503 2481 similitudo,
538 2430 625 2472 viri
660 2433 778 2476 docti
809 2434 896 2476 iam
926 2436 1098 2491 pridem
1131 2437 1399 2480 sentiebant.
1446 2437 1614 2480 Tamen
1643 2437 1760 2481 simi-

246 2498 386 2541 litudo
419 2500 464 2542 in
494 2503 642 2545 verbis
676 2505 911 2549 reddendis
951 2508 1115 2552 desinit
1147 2524 1288 2566 neque
1320 2510 1378 2552 ad
1409 2509 1593 2553 eandem
1622 2510 1760 2554 ratio-

345 2639 377 2681 1)
404 2637 482 2672 Illis
508 2638 672 2675 distichis
699 2652 789 2684 quae
816 2648 898 2677 sunt
924 2643 967 2679 de
994 2644 1090 2679 Polis
1117 2645 1272 2680 conditis
1299 2645 1453 2682 subiecit
1475 2645 1664 2683 Heckerus
1689 2647 1760 2682 hoc

251 2696 488 2740 fragmentum
527 2699 622 2743 apud
648 2701 745 2745 Step.
774 2703 856 2747 Byz.
885 2714 911 2738 s.
939 2716 969 2738 v,
996 2704 1170 2751 ’Asia-aziz:
1209 2708 1265 2741 καὶ
1291 2706 1495 2754 Ἀμαντίνην
1533 2707 1658 2754 ᾤκισαν
1682 2707 1761 2755 Ὠρι-

251 2756 341 2802 κίην,
377 2759 428 2793 ita
461 2756 503 2794 'ut
527 2761 636 2795 etiam
670 2763 706 2796 in
741 2763 796 2798 his
832 2766 1002 2800 memoria
1029 2767 1243 2802 Colchorum
1280 2779 1374 2804 nova
1406 2769 1590 2806 domicilia
1626 2770 1758 2805 consti-

249 2819 423 2853 tuentium
448 2821 662 2864 reperiatur.
712 2825 761 2858 At
786 2825 860 2859 veri
887 2826 1039 2862 similius
1064 2833 1121 2862 est
1147 2828 1406 2865 Callimachum
1433 2831 1527 2868 sicut
1552 2831 1761 2877 Lycophro-

249 2886 326 2909 nem
353 2879 471 2923 (1043)
496 2879 654 2915 fabulam
680 2880 918 2927 Elephenoris
944 2884 980 2919 iu
1005 2886 1061 2921 his
1088 2889 1306 2932 respexisse.
