1898 3291
721 181 973 223 -7-

78 295 304 354 Libycam
344 296 631 349 deferuntur,
677 295 791 341 unde
829 312 942 341 nave
975 295 1138 340 umeris
1184 295 1362 340 sublata
1406 295 1462 338 ad
1491 309 1611 338 marc

82 369 395 421 ,Tritoniaeum
439 369 623 427 pedibus
665 370 946 427 perveniunt.
1009 369 1118 413 Inde
1167 369 1368 412 Tritonis
1414 368 1484 411 dei
1532 382 1612 426 ope

86 442 161 487 via
191 457 272 500 per
295 442 520 487 Creticum
547 447 593 485 ct
615 442 844 498 Aegaeum
866 457 987 486 mare
1012 442 1142 486 facilc
1176 447 1221 486 et
1254 441 1347 485 sine
1382 441 1610 497 erroribus

86 514 332 562 conficitur.

141 635 160 638 ,ἡ
200 587 327 638 Hanc
369 586 616 629 mirabilem
660 586 834 630 reditus
878 586 1099 630 rationem
1141 602 1237 629 cum
1277 586 1321 628 in
1353 585 1610 628 universum

86 658 383 716 inspiciamus,
416 658 539 700 nulla
571 658 746 701 ratione
780 659 1057 715 singularum
1090 674 1238 702 rerum
1270 659 1445 711 habita,
1479 657 1609 700 facile

86 736 276 789 apparet
309 746 438 788 quam
461 731 577 773 viam
600 730 866 787 Apollonius
891 731 935 773 in
958 731 1220 774 narratione
1245 746 1322 773 sua
1346 729 1610 773 instruenda

85 804 316 861 ingressus
349 803 422 846 sit.
486 803 598 846 Tres
630 803 849 859 regiones,
899 818 1008 860 quae
1049 804 1169 846 inter
1214 819 1260 846 se
1300 803 1392 845 11110
1436 802 1609 845 distant

86 893 228 934 neque
260 876 497 933 quidquam
527 891 751 918 commune
781 876 959 927 habent,
1003 876 1225 919 violenter
1257 876 1300 917 in
1334 891 1463 917 unam
1497 874 1609 917 redi-

86 951 160 992 tus
205 949 424 992 rationem
466 949 778 1005 complectitur
822 955 867 991 et
910 949 1203 1005 conglutinat.
1275 948 1323 990 s'i
1365 948 1478 990 enim
1519 947 1607 990 iter

86 1036 167 1078 per
198 1021 406 1064 Histrum
438 1024 484 1063 et
515 1020 704 1062 Adriani
736 1021 808 1073 fit,
857 1020 968 1062 nihil
1010 1025 1079 1064 est
1117 1036 1194 1063 cur
1227 1020 1520 1075 Argonautae
1552 1018 1609 1060 ad

83 1108 206 1136 mare
247 1093 534 1149 Tyrrhenum
579 1093 858 1149 perveniant.
921 1093 1098 1135 Rursus
1147 1092 1311 1135 eisdem
1358 1107 1438 1148 per
1485 1105 1607 1132 mare

87 1165 373 1221 Tyrrhenum
416 1165 706 1208 redeuntibus
754 1164 878 1207 nulla
921 1168 991 1207 est
1032 1165 1151 1207 ratio
1195 1180 1273 1207 cur
1316 1164 1360 1205 in
1404 1163 1609 1205 intimum

83 1236 254 1279 Adriae
298 1237 441 1279 sinum
484 1240 737 1293 penetrent.
814 1236 957 1278 Porro
1007 1236 1237 1278 fabulcffius
1280 1236 1356 1278 illc
1389 1235 1444 1277 ad
1486 1249 1607 1277 marc

85 1309 391 1353 Tritoniacum
409 1309 558 1352 aditus
579 1308 635 1350 ad
656 1308 877 1351 rationem
898 1308 1071 1351 reditus
1102 1308 1288 1364 respicit
1310 1322 1421 1364 quae
1446 1321 1608 1362 nequa-

79 1397 215 1439 quam
257 1397 354 1425 cum
397 1381 470 1423 via
501 1381 648 1423 altera
678 1385 784 1424 utra
827 1380 944 1423 circa
974 1380 1156 1423 ltaliam
1202 1381 1323 1423 facta
1367 1379 1606 1435 conspirat.

82 1453 244 1510 Itaque
285 1453 489 1496 narratio
529 1452 831 1509 Apolloniana
870 1453 937 1495 ita
976 1452 1181 1508 intellegi
1225 1468 1312 1495 non
1358 1455 1509 1508 potest
1556 1455 1606 1493 ut

83 1540 344 1583 quaeramus
378 1525 592 1582 quomodo
639 1540 712 1566 res
761 1527 839 1566 aut
871 1524 1181 1567 verisimiliter
1230 1529 1308 1567 aut
1341 1522 1605 1579 simpliciter

81 1602 160 1641 aut
192 1598 424 1654 eleganter
457 1596 616 1653 exponi
647 1596 861 1652 potuerit.

196 1670 293 1712 Iam
332 1669 522 1726 primum
563 1668 826 1710 monendum
867 1673 955 1721 est,
1003 1668 1049 1710 id
1081 1668 1198 1725 quod
1231 1668 1341 1710 satis
1386 1682 1605 1723 superque

83 1745 241 1785 notum
285 1745 376 1794 est,
422 1740 732 1796 Argonautica
763 1740 1065 1796 Apolloniana
1098 1755 1149 1783 ea
1180 1744 1329 1783 aetate
1363 1743 1465 1782 orta
1497 1755 1605 1792 esse,

83 1830 179 1857 cum
211 1828 387 1856 carmen
418 1812 587 1869 epicum
618 1828 706 1854 non
737 1812 925 1868 amplius
971 1829 1025 1855 ex
1057 1813 1182 1869 copia
1213 1814 1510 1868 libertateque
1542 1812 1605 1853 in-

82 1885 203 1942 genii
232 1885 396 1942 poetici
426 1885 702 1942 profluebat,
746 1889 880 1941 atque
912 1900 1008 1928 cum
1040 1885 1244 1941 Vergilio
1285 1884 1435 1941 potius
1479 1899 1608 1940 quam

86 1974 181 2001 cum
198 1959 392 2000 Homero
410 1956 698 2013 Apollonium
721 1958 1065 2013 componendum
1091 1973 1200 2001 esse.
1252 1957 1340 2000 Sed
1371 1956 1488 1999 haud
1519 1956 1608 1998 scio

81 2045 139 2072 an
168 2032 303 2086 pocta
333 2029 534 2071 Rhodius
566 2045 646 2085 per
678 2029 789 2071 hanc
812 2030 1188 2086 comparationem
1219 2029 1348 2071 nimis
1381 2028 1605 2071 laudetur.

83 2102 198 2145 Nam
229 2117 325 2144 cum
357 2117 465 2158 opus
508 2105 627 2143 esset
670 2104 908 2158 utrumque
950 2102 1092 2145 multa
1133 2118 1243 2158 quae
1283 2101 1368 2144 sibi
1399 2101 1607 2144 deessent

83 2190 166 2231 per
197 2174 446 2218 doctrinam
479 2173 706 2230 supplere,
739 2175 966 2217 Romanus
998 2178 1131 2231 poeta
1163 2169 1413 2217 doctrinam
1444 2176 1509 2229 (ut
1542 2173 1609 2216 113

83 2246 242 2302 dicam)
274 2246 529 2303 perdomuit
561 2249 608 2289 et
640 2246 730 2288 suis
764 2246 917 2289 usibus
949 2247 1080 2290 facile
1114 2248 1429 2303 obsequentem
1461 2245 1605 2288 reddi-

84 2317 164 2372 dit,
199 2317 397 2360 Graecus
430 2320 579 2360 autem
610 2317 753 2360 multa
784 2332 834 2360 30
866 2317 1046 2360 diversa
1077 2318 1361 2361 coacervavit
1381 2319 1409 2370 ¹)
1443 2320 1489 2360 et
1519 2332 1607 2358 ma-

82 2390 197 2434 xime
228 2390 275 2432 in
319 2391 452 2432 rebus
496 2389 808 2446 geographicis
856 2390 1159 2446 importunum
1199 2390 1343 2433 omnia
1385 2390 1431 2432 in
1474 2405 1607 2431 unum

83 2462 416 2519 complectendi,
449 2477 522 2505 res
556 2462 759 2506 diversas
793 2462 849 2504 ad
881 2465 1139 2505 concentum
1161 2478 1505 2519 consensumque
1537 2477 1605 2504 re—

84 2534 265 2591 digendi
306 2534 503 2577 studium
541 2534 751 2577 ostendit.
825 2534 939 2576 Nam
979 2550 1075 2577 cum
1116 2523 1260 2591 poeta*
1282 2535 1436 2577 doctus
1469 2537 1606 2576 mate-

84 2608 197 2650 riam
227 2607 454 2663 ingentem
485 2609 589 2650 ante
621 2607 770 2650 oculos
802 2606 989 2650 haberet
1021 2611 1155 2664 atque
1188 2607 1240 2649 de
1286 2606 1444 2649 iisdem
1473 2607 1606 2649 rebus

181 2777 215 2821 1)
243 2776 283 2810 In
308 2775 513 2811 universum
540 2776 755 2810 sententiam
782 2775 860 2810 tuli.
911 2776 1005 2811 Sane
1031 2776 1169 2810 libr-um
1188 2776 1250 2810 111.
1277 2775 1605 2819 Argonauticarum

79 2836 176 2873 haud
203 2838 301 2872 recte
322 2838 375 2872 ita
393 2837 638 2882 depresseris:
669 2837 754 2873 item
772 2837 952 2883 Vergilius
973 2838 1007 2872 in
1027 2837 1119 2872 libro
1135 2836 1315 2872 Aeneidos
1335 2837 1394 2871 111.
1415 2835 1460 2870 ad
1480 2836 1605 2881 peiora

81 2899 255 2946 delapsus
282 2903 347 2936 est.
