1839 3265
827 179 1109 221 —50—

215 301 395 356 praebet
427 298 510 351 <lv
535 298 627 349 513),
674 295 746 352 qui
779 295 1004 337 Timaeum
1040 295 1164 349 Argo
1210 309 1365 337 navem
1398 310 1476 350 per
1510 293 1729 336 Oceanum

211 369 620 427 soptemtrionalem
671 371 717 410 et
764 369 885 409 freta
927 365 1155 408 Gaditana
1213 369 1395 422 praeter
1429 365 1728 421 Tyrrheniam

210 445 253 483 vt
303 456 424 482 oram
477 439 632 483 ltaliae
682 438 937 481 redeuntem
986 435 1143 479 fecisse
1196 436 1353 479 tradit.
1450 436 1561 478 Tum
1610 435 1730 479 scho-

210 512 269 553 lia
301 511 598 567 Apolloni-<ina
633 510 702 562 (ad
726 508 934 561 1V1153‚
959 507 1085 559 1217)
1117 506 1276 550 docent
1308 507 1535 550 Timaeum
1567 506 1620 549 de
1651 521 1729 548 nu·

214 581 321 637 ptiis
367 574 545 624 Medeae
589 581 814 635 Corcyrae
857 578 1029 621 effectis
1073 580 1119 620 et
1160 578 1212 620 (le
1257 578 1347 620 aris
1390 578 1435 620 in
1473 578 1731 634 nuptiarum

210 653 460 695 memoriam
492 669 630 709 prope
653 653 806 694 urbem
829 650 1074 693 exstructis
1098 650 1254 706 egisse.
1317 650 1476 707 ltaque
1508 650 1587 692 hos
1620 650 1728 692 duos

207 724 331 779 quasi
376 726 480 766 finos
527 723 828 780 terminosque
871 722 1080 765 habemus
1121 721 1166 763 in
1208 722 1365 778 quibus
1407 736 1511 778 pars
1556 721 1729 764 reditus

209 810 302 836 cum
343 809 503 850 magna
548 797 640 838 tum
685 810 765 851 per
799 809 845 836 se
877 793 1085 836 absoluta
1116 792 1374 836 includitur.
1437 792 1552 836 Nam
1582 793 1728 849 Argo-

204 869 366 909 nautae
412 881 464 909 ex
509 866 714 922 partibus
769 864 1116 907 occidentalibus
1174 863 1405 907 venientes
1458 868 1504 907 et
1546 867 1730 920 praeter

205 937 384 980 ltaliam
417 937 683 993 navigantes
717 936 809 979 sine
843 936 974 979 dubio
1007 936 1124 992 apud
1147 936 1375 978 Timaeum
1404 935 1460 978 ad
1484 934 1730 992 Corcyram

205 1009 489 1064 appulerunt,
524 1025 648 1066 quem
673 1024 850 1052 cursum
871 1011 1034 1052 nautae
1058 1011 1236 1052 veteres
1261 1010 1315 1051 ab
1339 1007 1566 1051 occidente
1589 1007 1729 1052 Grae-

210 1079 318 1122 ciam
350 1083 556 1136 petentes
590 1084 744 1124 tenere
790 1080 1051 1134 solebant¹).
1123 1080 1197 1123 Sic
1229 1080 1363 1123 etiam
1396 1078 1514 1136 apud
1543 1078 1729 1135 Apollo-

204 1152 323 1193 nium
355 1153 603 1208 procedunt
635 1154 943 1209 Argonautae.
1005 1152 1129 1208 Ergo
1170 1152 1216 1194 in
1258 1152 1339 1194 hac
1379 1150 1554 1194 reditus
1597 1153 1730 1206 parte

205 1238 231 1265 a
262 1224 375 1265 mari
408 1224 644 1280 Tyrrheno
690 1240 827 1281 usque
868 1223 925 1266 ad
968 1224 1213 1279 Corcyram
1247 1223 1454 1267 Timaeus
1485 1223 1727 1281 Apollonio

204 1296 412 1352 praeivit.
475 1295 563 1339 Sed
603 1295 739 1339 etiam
778 1296 825 1338 in
856 1295 1044 1352 singulis
1078 1295 1375 1339 consentiunt.
1437 1296 1506 1339 Ac
1536 1296 1729 1353 primum

206 1367 380 1424 quidem
421 1368 536 1424 quod
579 1370 713 1424 poeta
752 1367 882 1424 fingit
920 1367 1213 1423 Argonautas
1255 1367 1312 1409 ad
1345 1367 1496 1412 Circes
1536 1367 1728 1410 insulam

206 1439 439 1482 advenisse
472 1438 753 1495 aliquatenus
788 1454 841 1481 ex
871 1438 1128 1495 geographo
1161 1439 1338 1495 pendet.
1413 1438 1578 1482 Strabo
1612 1437 1727 1482 enim

208 1511 263 1562 (V
286 1511 383 1564 224)
417 1511 499 1553 duo
534 1511 585 1552 de
618 1510 767 1553 insula
797 1510 1013 1553 Aethalia
1046 1510 1107 1553 sie
1140 1510 1390 1554 coniunxit:
1433 1512 1516 1553 ἔστι
1547 1511 1590 1552 δὲ
1621 1512 1729 1552 κατὰ

205 1586 273 1640 τὴν
294 1583 507 1624 Αἱθαλίαν
540 1584 659 1639 λιμὴν
681 1581 872 1638 Ἀργῷος
904 1583 983 1625 ἀπὸ
1014 1591 1086 1640 τῆς
1118 1582 1308 1639 Ἀργοῦς,
1340 1582 1397 1632 ὥς
1428 1598 1559 1642 φασιν.
1593 1581 1727 1625 ἐκεῖσε

204 1658 280 1711 γὰρ
312 1657 482 1697 πλεῦσαι
512 1658 581 1711 τὴν
613 1663 683 1712 τῆς
714 1655 877 1712 Κίρκης
910 1655 1067 1713 οἴκησιν
1101 1658 1294 1712 ζητοῦντα
1325 1658 1391 1698 τὸν
1423 1651 1608 1705 Ἰάσονα,
1655 1662 1728 1711 τῆς

203 1726 391 1783 Μηδείας
425 1725 654 1782 ἐθελοὺσης
683 1724 780 1767 ἰδεῖν
812 1729 882 1782 τὴν
913 1728 1030 1767 θεάν.
1092 1725 1187 1767 Iam
1207 1720 1314 1768 haec
1336 1725 1389 1769 de
1412 1731 1550 1783 portu
1570 1741 1728 1769 nomen

203 1799 257 1840 ab
297 1798 424 1854 Argo
472 1797 715 1854 recipiente
760 1813 781 1840 e
830 1796 1022 1862 Timaeo⁶
1055 1796 1322 1852 profluxisse
1370 1797 1492 1840 locus
1537 1797 1728 1841 Diodori

203 1868 368 1925 passim
389 1883 415 1910 a
435 1884 502 1912 me
526 1868 692 1911 citatus
713 1867 1006 1911 demonstrat.
1045 1867 1173 1911 Unde
1197 1867 1430 1911 concludas
1447 1869 1477 1924 2)
1501 1869 1728 1912 Timaeum

209 1940 343 1983 etiam
375 1939 616 1983 adventum
647 1940 1017 1995 Argonautarum
1048 1938 1105 2000 aQ
1138 1939 1296 1982 Circen
1326 1954 1551 1984 narrasse.
1616 1940 1728 1983 Tum

203 2012 352 2068 magni
368 2011 579 2054 momenti
597 2013 666 2054 est
685 2010 800 2068 quod
816 2009 1084 2067 Apollonius
1106 2010 1153 2052 in
1176 2010 1380 2053 versibus
1408 2025 1724 2068 saepenumero

202 2082 355 2125 allatis
388 2082 474 2137 (IV
499 2081 746 2137 552—556)
780 2096 826 2124 se
858 2081 1028 2124 insulas
1061 2080 1332 2125 Stoechades
1365 2084 1410 2125 et
1441 2086 1726 2126 monumenta

202 2153 355 2210 Argus
387 2152 580 2209 insignia
610 2152 657 2194 in
696 2152 810 2194 mari
840 2151 1040 2195 Ausonio
1080 2152 1266 2196 inventa
1295 2152 1585 2196 laudaturum
1630 2168 1728 2196 esse

202 2225 478 2280 pronuntiat.
540 2224 660 2278 Quos
701 2239 859 2268 versus
901 2229 952 2268 ut
985 2227 1108 2268 recte
1142 2225 1439 2279 aestimemus,
1483 2241 1585 2268 mox
1616 2240 1727 2268 com-

202 2295 396 2351 perimus
430 2296 511 2350 (IV
528 2296 771 2349 651—652)
804 2296 850 2338 in
877 2296 1036 2339 insulis
1060 2295 1382 2339 Stoechadibus
1405 2311 1508 2339 aras
1532 2299 1578 2340 et
1597 2311 1727 2340 sacra

205 2371 383 2409 exstare
427 2367 581 2424 quibus
623 2367 705 2409 filii
735 2368 856 2411 Iovis
896 2383 1069 2425 semper
1104 2368 1324 2411 colantur.
1385 2368 1514 2411 Infra
1544 2384 1725 2412 comme-

202 2442 403 2480 moratur
424 2437 637 2480 Aethalia
658 2438 816 2492 insula,
839 2439 961 2482 euius
981 2439 1028 2481 in
1048 2439 1184 2483 litore
1208 2439 1366 2482 calculi
1389 2439 1508 2484 varii
1529 2439 1725 2484 iaceant:

202 2508 348 2565 ibique
390 2509 531 2552 discos
571 2524 793 2568 armaque,
842 2511 1030 2568 denique
1076 2514 1256 2567 portum
1296 2513 1351 2554 ab
1390 2511 1518 2567 Argo
1559 2510 1726 2554 dictum

204 2578 573 2634 Argonautarum
603 2582 798 2638 vestigia
828 2585 1000 2625 notare.
1062 2582 1265 2639 Denique
1296 2597 1454 2626 versus
1488 2582 1571 2624 912
1604 2596 1723 2639 seqq.

205 2654 420 2693 enarrant
451 2652 619 2706 Buten,
667 2653 896 2696 Teleontis
929 2653 1086 2707 filium,
1119 2653 1166 2696 in
1195 2669 1318 2696 mare
1350 2653 1596 2708 insiluisse,
1630 2669 1726 2697 cum

305 2832 339 2875 1)
367 2831 420 2867 Cf.
448 2832 559 2867 Thuc.
587 2833 602 2867 1
629 2835 673 2868 36
700 2838 736 2868 et
763 2836 817 2869 44.
853 2835 941 2870 Xen.
969 2834 1062 2870 Hell.
1090 2834 1140 2869 VI
1166 2837 1198 2878 2,
1225 2836 1257 2869 9.
1285 2834 1388 2870 Diod.
1416 2835 1484 2871 Sic.
1511 2836 1581 2871 XII
1618 2838 1674 2875 54.

305 2893 341 2935 2)
368 2893 470 2937 Quod
497 2894 692 2940 explicavit
716 2895 956 2940 Guenffierus,
987 2897 1010 2932 l.
1034 2907 1062 2931 c.
1089 2906 1172 2941 pag.
1199 2898 1255 2931 47.
