<?xml version="1.0" encoding="UTF-8"?>
<!DOCTYPE html PUBLIC "-//W3C//DTD XHTML 1.0 Transitional//EN"
    "http://www.w3.org/TR/xhtml1/DTD/xhtml1-transitional.dtd">
<html xmlns="http://www.w3.org/1999/xhtml" xml:lang="en" lang="en">
 <head>
  <title>
</title>
<meta http-equiv="Content-Type" content="text/html;charset=utf-8" />
  <meta name='ocr-system' content='tesseract 3.04.00' />
  <meta name='ocr-capabilities' content='ocr_page ocr_carea ocr_par ocr_line ocrx_word'/>
</head>
<body>
  <div class='ocr_page' id='page_1' title='image "./deargonautarumre00fitc_0028.png"; bbox 0 0 1839 3265; ppageno 0'>
   <div class='ocr_carea' id='block_1_1' title="bbox 826 167 1108 208">
    <p class='ocr_par' dir='ltr' id='par_1_1' title="bbox 826 167 1108 208">
     <span class='ocr_line' id='line_1_1' title="bbox 826 167 1108 208; baseline -0.018 -8"><span class='ocrx_word' id='word_1_1' title='bbox 826 167 1108 208; x_wconf 75' lang='lat'>—24—</span> 
     </span>
    </p>
   </div>
   <div class='ocr_carea' id='block_1_2' title="bbox 215 273 1732 2915">
    <p class='ocr_par' dir='ltr' id='par_1_2' title="bbox 217 273 1729 415">
     <span class='ocr_line' id='line_1_2' title="bbox 224 273 1729 336; baseline -0.012 -3"><span class='ocrx_word' id='word_1_2' title='bbox 224 293 353 333; x_wconf 63' lang='lat' dir='ltr'><strong>verba</strong></span> <span class='ocrx_word' id='word_1_3' title='bbox 388 289 448 329; x_wconf 74' lang='lat' dir='ltr'><strong>sic</strong></span> <span class='ocrx_word' id='word_1_4' title='bbox 481 287 802 329; x_wconf 73' lang='lat' dir='ltr'><strong>distinxerunt:</strong></span> <span class='ocrx_word' id='word_1_5' title='bbox 848 308 899 314; x_wconf 85' lang='lat'><strong>-—-</strong></span> <span class='ocrx_word' id='word_1_6' title='bbox 934 281 989 329; x_wconf 84' lang='grc' dir='ltr'><strong>ὡς</strong></span> <span class='ocrx_word' id='word_1_7' title='bbox 1023 281 1188 334; x_wconf 71' lang='grc' dir='ltr'>Σοφοκ)</span> <span class='ocrx_word' id='word_1_8' title='bbox 1191 288 1241 336; x_wconf 79' lang='grc' dir='ltr'><strong>ῆς</strong></span> <span class='ocrx_word' id='word_1_9' title='bbox 1282 278 1321 320; x_wconf 78' lang='grc' dir='ltr'><strong>ἐν</strong></span> <span class='ocrx_word' id='word_1_10' title='bbox 1355 277 1538 324; x_wconf 60' lang='lat' dir='ltr'><strong>&gt;zabam</strong></span> <span class='ocrx_word' id='word_1_11' title='bbox 1580 273 1729 330; x_wconf 81' lang='grc' dir='ltr'><strong>ἱστορεῖ</strong></span> 
     </span>
     <span class='ocr_line' id='line_1_3' title="bbox 217 362 597 415; baseline -0.016 -10"><span class='ocrx_word' id='word_1_12' title='bbox 217 367 283 405; x_wconf 71' lang='grc' dir='ltr'><strong>καὶ</strong></span> <span class='ocrx_word' id='word_1_13' title='bbox 320 362 597 415; x_wconf 67' lang='grc' dir='ltr'><strong>Καλλίμαχος.</strong></span> 
     </span>
    </p>

    <p class='ocr_par' dir='ltr' id='par_1_3' title="bbox 215 420 1731 2625">
     <span class='ocr_line' id='line_1_4' title="bbox 335 420 1729 478; baseline -0.009 -4"><span class='ocrx_word' id='word_1_14' title='bbox 335 432 522 473; x_wconf 76' lang='lat' dir='ltr'><strong>Primum</strong></span> <span class='ocrx_word' id='word_1_15' title='bbox 546 430 657 472; x_wconf 83' lang='grc'><strong>0111111</strong></span> <span class='ocrx_word' id='word_1_16' title='bbox 687 428 729 469; x_wconf 89' lang='grc'><strong>111</strong></span> <span class='ocrx_word' id='word_1_17' title='bbox 752 425 900 469; x_wconf 79' lang='lat' dir='ltr'><strong>verbis</strong></span> <span class='ocrx_word' id='word_1_18' title='bbox 927 425 993 467; x_wconf 85' lang='lat' dir='ltr'><strong>ita</strong></span> <span class='ocrx_word' id='word_1_19' title='bbox 1017 421 1342 478; x_wconf 76' lang='lat' dir='ltr'>distinguendis</span> <span class='ocrx_word' id='word_1_20' title='bbox 1366 420 1484 464; x_wconf 86' lang='lat' dir='ltr'><strong>viam</strong></span> <span class='ocrx_word' id='word_1_21' title='bbox 1504 421 1729 462; x_wconf 81' lang='lat' dir='ltr'><strong>monstrat</strong></span> 
     </span>
     <span class='ocr_line' id='line_1_5' title="bbox 224 490 1728 557; baseline -0.007 -12"><span class='ocrx_word' id='word_1_22' title='bbox 224 504 336 546; x_wconf 74' lang='lat' dir='ltr'><strong>ratio</strong></span> <span class='ocrx_word' id='word_1_23' title='bbox 369 501 666 557; x_wconf 59' lang='lat' dir='ltr'><strong>grammatica.</strong></span> <span class='ocrx_word' id='word_1_24' title='bbox 729 498 842 540; x_wconf 74' lang='lat' dir='ltr'><strong>Nam</strong></span> <span class='ocrx_word' id='word_1_25' title='bbox 865 512 944 552; x_wconf 69' lang='lat' dir='ltr'><strong>per</strong></span> <span class='ocrx_word' id='word_1_26' title='bbox 966 498 1107 537; x_wconf 89' lang='lat' dir='ltr'><strong>totam</strong></span> <span class='ocrx_word' id='word_1_27' title='bbox 1130 492 1463 550; x_wconf 81' lang='lat' dir='ltr'><strong>paragraphum</strong></span> <span class='ocrx_word' id='word_1_28' title='bbox 1485 490 1728 535; x_wconf 76' lang='lat' dir='ltr'><strong>scholiasta</strong></span> 
     </span>
     <span class='ocr_line' id='line_1_6' title="bbox 220 561 1730 627; baseline -0.009 -9"><span class='ocrx_word' id='word_1_29' title='bbox 220 577 417 618; x_wconf 70' lang='lat' dir='ltr'><strong>diversas</strong></span> <span class='ocrx_word' id='word_1_30' title='bbox 451 573 716 627; x_wconf 61' lang='lat' dir='ltr'><strong>scriptorum</strong></span> <span class='ocrx_word' id='word_1_31' title='bbox 768 568 992 625; x_wconf 78' lang='lat' dir='ltr'>opiniones</span> <span class='ocrx_word' id='word_1_32' title='bbox 1038 565 1090 608; x_wconf 87' lang='grc'><strong>(10</strong></span> <span class='ocrx_word' id='word_1_33' title='bbox 1122 564 1278 607; x_wconf 83' lang='lat' dir='ltr'><strong>iisdem</strong></span> <span class='ocrx_word' id='word_1_34' title='bbox 1307 564 1442 607; x_wconf 85' lang='lat' dir='ltr'><strong>rebus</strong></span> <span class='ocrx_word' id='word_1_35' title='bbox 1475 563 1632 606; x_wconf 86' lang='lat' dir='ltr'><strong>affert:</strong></span> <span class='ocrx_word' id='word_1_36' title='bbox 1665 561 1730 605; x_wconf 87' lang='lat' dir='ltr'><strong>sic</strong></span> 
     </span>
     <span class='ocr_line' id='line_1_7' title="bbox 219 633 1728 699; baseline -0.008 -11"><span class='ocrx_word' id='word_1_37' title='bbox 219 652 364 688; x_wconf 80' lang='lat' dir='ltr'><strong>autem</strong></span> <span class='ocrx_word' id='word_1_38' title='bbox 396 643 594 699; x_wconf 76' lang='lat' dir='ltr'><strong>procedit</strong></span> <span class='ocrx_word' id='word_1_39' title='bbox 627 646 675 684; x_wconf 91' lang='lat' dir='ltr'><strong>ut</strong></span> <span class='ocrx_word' id='word_1_40' title='bbox 717 654 875 682; x_wconf 84' lang='lat' dir='ltr'><strong>novam</strong></span> <span class='ocrx_word' id='word_1_41' title='bbox 907 636 1174 680; x_wconf 76' lang='lat' dir='ltr'><strong>sententiam</strong></span> <span class='ocrx_word' id='word_1_42' title='bbox 1214 634 1500 679; x_wconf 87' lang='lat' dir='ltr'><strong>introducens</strong></span> <span class='ocrx_word' id='word_1_43' title='bbox 1532 633 1728 692; x_wconf 87' lang='lat' dir='ltr'><strong>particu-</strong></span> 
     </span>
     <span class='ocr_line' id='line_1_8' title="bbox 219 705 1728 768; baseline -0.006 -11"><span class='ocrx_word' id='word_1_44' title='bbox 219 718 304 758; x_wconf 75' lang='lat' dir='ltr'><strong>lam</strong></span> <span class='ocrx_word' id='word_1_45' title='bbox 347 717 388 756; x_wconf 75' lang='grc' dir='ltr'><strong>δέ</strong></span> <span class='ocrx_word' id='word_1_46' title='bbox 433 714 579 756; x_wconf 72' lang='lat' dir='ltr'><strong>addat..</strong></span> <span class='ocrx_word' id='word_1_47' title='bbox 668 711 820 768; x_wconf 80' lang='lat' dir='ltr'><strong>Neque</strong></span> <span class='ocrx_word' id='word_1_48' title='bbox 864 724 967 751; x_wconf 88' lang='lat' dir='ltr'><strong>usus</strong></span> <span class='ocrx_word' id='word_1_49' title='bbox 1010 706 1220 764; x_wconf 82' lang='lat' dir='ltr'><strong>loquendi</strong></span> <span class='ocrx_word' id='word_1_50' title='bbox 1259 705 1528 750; x_wconf 75' lang='lat' dir='ltr'><strong>sententiam</strong></span> <span class='ocrx_word' id='word_1_51' title='bbox 1568 720 1728 749; x_wconf 89' lang='lat' dir='ltr'><strong>novam</strong></span> 
     </span>
     <span class='ocr_line' id='line_1_9' title="bbox 217 776 1726 845; baseline -0.008 -14"><span class='ocrx_word' id='word_1_52' title='bbox 217 804 325 845; x_wconf 77' lang='lat' dir='ltr'><strong>quae</strong></span> <span class='ocrx_word' id='word_1_53' title='bbox 368 786 509 844; x_wconf 79' lang='lat' dir='ltr'>priori</span> <span class='ocrx_word' id='word_1_54' title='bbox 555 785 805 840; x_wconf 85' lang='lat' dir='ltr'><strong>opponatur</strong></span> <span class='ocrx_word' id='word_1_55' title='bbox 847 796 928 837; x_wconf 90' lang='lat' dir='ltr'><strong>per</strong></span> <span class='ocrx_word' id='word_1_56' title='bbox 968 778 1320 822; x_wconf 90' lang='lat' dir='ltr'><strong>coniunctionem</strong></span> <span class='ocrx_word' id='word_1_57' title='bbox 1349 781 1421 820; x_wconf 68' lang='grc' dir='ltr'><strong>καί</strong></span> <span class='ocrx_word' id='word_1_58' title='bbox 1451 776 1630 820; x_wconf 77' lang='lat' dir='ltr'><strong>adnecti</strong></span> <span class='ocrx_word' id='word_1_59' title='bbox 1658 779 1726 820; x_wconf 88' lang='lat' dir='ltr'><strong>to-</strong></span> 
     </span>
     <span class='ocr_line' id='line_1_10' title="bbox 221 847 1729 909; baseline -0.009 -6"><span class='ocrx_word' id='word_1_60' title='bbox 221 862 348 903; x_wconf 77' lang='lat' dir='ltr'><strong>lerat.</strong></span> <span class='ocrx_word' id='word_1_61' title='bbox 411 855 763 901; x_wconf 81' lang='lat' dir='ltr'><strong>Concludendum</strong></span> <span class='ocrx_word' id='word_1_62' title='bbox 794 853 936 909; x_wconf 85' lang='lat' dir='ltr'><strong>igitur</strong></span> <span class='ocrx_word' id='word_1_63' title='bbox 968 857 1037 894; x_wconf 88' lang='lat' dir='ltr'><strong>est</strong></span> <span class='ocrx_word' id='word_1_64' title='bbox 1065 855 1302 907; x_wconf 88' lang='lat' dir='ltr'><strong>utrumque</strong></span> <span class='ocrx_word' id='word_1_65' title='bbox 1335 864 1430 892; x_wconf 88' lang='lat' dir='ltr'><strong>cum</strong></span> <span class='ocrx_word' id='word_1_66' title='bbox 1460 851 1532 890; x_wconf 72' lang='grc' dir='ltr'><strong>καὶ</strong></span> <span class='ocrx_word' id='word_1_67' title='bbox 1566 847 1729 890; x_wconf 87' lang='grc' dir='ltr'>Καλλί-</span> 
     </span>
     <span class='ocr_line' id='line_1_11' title="bbox 222 919 1729 988; baseline -0.007 -15"><span class='ocrx_word' id='word_1_68' title='bbox 222 947 354 988; x_wconf 70' lang='grc' dir='ltr'>μαχος</span> <span class='ocrx_word' id='word_1_69' title='bbox 388 935 480 972; x_wconf 89' lang='lat' dir='ltr'><strong>tum</strong></span> <span class='ocrx_word' id='word_1_70' title='bbox 513 929 728 983; x_wconf 45' lang='lat' dir='ltr'><strong>Erico-amc</strong></span> <span class='ocrx_word' id='word_1_71' title='bbox 772 925 828 967; x_wconf 80' lang='lat' dir='ltr'><strong>ad</strong></span> <span class='ocrx_word' id='word_1_72' title='bbox 870 923 1017 979; x_wconf 72' lang='grc' dir='ltr'><strong>ἱστορεῖ</strong></span> <span class='ocrx_word' id='word_1_73' title='bbox 1057 920 1298 978; x_wconf 88' lang='lat' dir='ltr'><strong>pertinere.</strong></span> <span class='ocrx_word' id='word_1_74' title='bbox 1372 919 1561 964; x_wconf 86' lang='lat' dir='ltr'><strong>Accedit</strong></span> <span class='ocrx_word' id='word_1_75' title='bbox 1593 919 1729 964; x_wconf 85' lang='lat' dir='ltr'><strong>etiam</strong></span> 
     </span>
     <span class='ocr_line' id='line_1_12' title="bbox 219 990 1728 1057; baseline -0.007 -13"><span class='ocrx_word' id='word_1_76' title='bbox 219 1005 523 1057; x_wconf 73' lang='lat' dir='ltr'><strong>argumentum</strong></span> <span class='ocrx_word' id='word_1_77' title='bbox 556 997 671 1055; x_wconf 84' lang='lat' dir='ltr'><strong>quod</strong></span> <span class='ocrx_word' id='word_1_78' title='bbox 703 1013 756 1040; x_wconf 82' lang='lat' dir='ltr'><strong>ex</strong></span> <span class='ocrx_word' id='word_1_79' title='bbox 787 999 886 1039; x_wconf 87' lang='lat' dir='ltr'><strong>tota</strong></span> <span class='ocrx_word' id='word_1_80' title='bbox 917 993 1184 1037; x_wconf 82' lang='lat' dir='ltr'>scholiorum</span> <span class='ocrx_word' id='word_1_81' title='bbox 1214 991 1497 1049; x_wconf 82' lang='lat' dir='ltr'><strong>paragrapho</strong></span> <span class='ocrx_word' id='word_1_82' title='bbox 1529 990 1625 1048; x_wconf 90' lang='lat' dir='ltr'><strong>peti</strong></span> <span class='ocrx_word' id='word_1_83' title='bbox 1653 1006 1728 1048; x_wconf 87' lang='lat' dir='ltr'><strong>po-</strong></span> 
     </span>
     <span class='ocr_line' id='line_1_13' title="bbox 221 1062 1725 1123; baseline -0.008 -7"><span class='ocrx_word' id='word_1_84' title='bbox 221 1078 323 1116; x_wconf 78' lang='lat' dir='ltr'><strong>test.</strong></span> <span class='ocrx_word' id='word_1_85' title='bbox 384 1071 454 1113; x_wconf 79' lang='lat' dir='ltr'><strong>Ex</strong></span> <span class='ocrx_word' id='word_1_86' title='bbox 499 1071 664 1113; x_wconf 83' lang='lat' dir='ltr'><strong>duabus</strong></span> <span class='ocrx_word' id='word_1_87' title='bbox 699 1068 812 1111; x_wconf 87' lang='lat' dir='ltr'><strong>enim</strong></span> <span class='ocrx_word' id='word_1_88' title='bbox 858 1066 1062 1123; x_wconf 87' lang='lat' dir='ltr'><strong>partibus</strong></span> <span class='ocrx_word' id='word_1_89' title='bbox 1096 1066 1305 1108; x_wconf 76' lang='lat' dir='ltr'><strong>constant</strong></span> <span class='ocrx_word' id='word_1_90' title='bbox 1348 1077 1399 1106; x_wconf 85' lang='lat' dir='ltr'><strong>ea</strong></span> <span class='ocrx_word' id='word_1_91' title='bbox 1430 1077 1542 1119; x_wconf 86' lang='lat' dir='ltr'><strong>quae</strong></span> <span class='ocrx_word' id='word_1_92' title='bbox 1573 1062 1631 1105; x_wconf 87' lang='lat' dir='ltr'><strong>ad</strong></span> <span class='ocrx_word' id='word_1_93' title='bbox 1660 1078 1725 1105; x_wconf 86' lang='lat' dir='ltr'><strong>vs.</strong></span> 
     </span>
     <span class='ocr_line' id='line_1_14' title="bbox 217 1133 1730 1187; baseline -0.006 -1"><span class='ocrx_word' id='word_1_94' title='bbox 217 1146 300 1187; x_wconf 63' lang='lat'><strong>284</strong></span> <span class='ocrx_word' id='word_1_95' title='bbox 350 1142 675 1186; x_wconf 85' lang='lat' dir='ltr'><strong>adscribuntur.</strong></span> <span class='ocrx_word' id='word_1_96' title='bbox 756 1138 909 1181; x_wconf 84' lang='lat' dir='ltr'><strong>Prima</strong></span> <span class='ocrx_word' id='word_1_97' title='bbox 953 1137 1067 1180; x_wconf 90' lang='lat' dir='ltr'><strong>enim</strong></span> <span class='ocrx_word' id='word_1_98' title='bbox 1113 1134 1338 1179; x_wconf 87' lang='lat' dir='ltr'><strong>sententia</strong></span> <span class='ocrx_word' id='word_1_99' title='bbox 1377 1133 1491 1176; x_wconf 91' lang='lat' dir='ltr'>nihil</span> <span class='ocrx_word' id='word_1_100' title='bbox 1529 1136 1600 1177; x_wconf 88' lang='lat' dir='ltr'><strong>est</strong></span> <span class='ocrx_word' id='word_1_101' title='bbox 1641 1133 1730 1177; x_wconf 81' lang='lat' dir='ltr'><strong>nisi</strong></span> 
     </span>
     <span class='ocr_line' id='line_1_15' title="bbox 220 1206 1728 1272; baseline -0.007 -14"><span class='ocrx_word' id='word_1_102' title='bbox 220 1213 504 1272; x_wconf 76' lang='lat' dir='ltr'><strong>paraphrasis</strong></span> <span class='ocrx_word' id='word_1_103' title='bbox 537 1211 742 1255; x_wconf 81' lang='lat' dir='ltr'><strong>carminis</strong></span> <span class='ocrx_word' id='word_1_104' title='bbox 775 1210 912 1267; x_wconf 89' lang='lat' dir='ltr'><strong>ipsius</strong></span> <span class='ocrx_word' id='word_1_105' title='bbox 936 1209 1015 1252; x_wconf 89' lang='lat' dir='ltr'><strong>illa</strong></span> <span class='ocrx_word' id='word_1_106' title='bbox 1038 1207 1369 1265; x_wconf 88' lang='lat' dir='ltr'><strong>comparatione</strong></span> <span class='ocrx_word' id='word_1_107' title='bbox 1390 1206 1511 1249; x_wconf 87' lang='lat' dir='ltr'><strong>inter</strong></span> <span class='ocrx_word' id='word_1_108' title='bbox 1526 1206 1728 1263; x_wconf 85' lang='lat' dir='ltr'><strong>Aeschy-</strong></span> 
     </span>
     <span class='ocr_line' id='line_1_16' title="bbox 219 1275 1729 1342; baseline -0.008 -12"><span class='ocrx_word' id='word_1_109' title='bbox 219 1288 307 1329; x_wconf 87' lang='lat' dir='ltr'><strong>lum</strong></span> <span class='ocrx_word' id='word_1_110' title='bbox 339 1291 383 1329; x_wconf 85' lang='lat' dir='ltr'><strong>et</strong></span> <span class='ocrx_word' id='word_1_111' title='bbox 414 1281 700 1342; x_wconf 82' lang='lat' dir='ltr'><strong>Apollonium</strong></span> <span class='ocrx_word' id='word_1_112' title='bbox 745 1279 994 1322; x_wconf 86' lang='lat' dir='ltr'><strong>interiecta.</strong></span> <span class='ocrx_word' id='word_1_113' title='bbox 1068 1277 1179 1319; x_wconf 87' lang='lat' dir='ltr'><strong>Tum</strong></span> <span class='ocrx_word' id='word_1_114' title='bbox 1225 1276 1378 1333; x_wconf 86' lang='lat' dir='ltr'><strong>pergit</strong></span> <span class='ocrx_word' id='word_1_115' title='bbox 1409 1275 1652 1319; x_wconf 84' lang='lat' dir='ltr'><strong>scholiasta</strong></span> <span class='ocrx_word' id='word_1_116' title='bbox 1682 1275 1729 1319; x_wconf 89' lang='lat' dir='ltr'><strong>in</strong></span> 
     </span>
     <span class='ocr_line' id='line_1_17' title="bbox 217 1346 1728 1412; baseline -0.006 -13"><span class='ocrx_word' id='word_1_117' title='bbox 217 1357 418 1399; x_wconf 79' lang='lat' dir='ltr'><strong>versibus</strong></span> <span class='ocrx_word' id='word_1_118' title='bbox 451 1352 717 1412; x_wconf 80' lang='lat' dir='ltr'><strong>exponendis</strong></span> <span class='ocrx_word' id='word_1_119' title='bbox 749 1366 886 1408; x_wconf 89' lang='lat' dir='ltr'><strong>usque</strong></span> <span class='ocrx_word' id='word_1_120' title='bbox 918 1349 974 1392; x_wconf 85' lang='lat' dir='ltr'><strong>ad</strong></span> <span class='ocrx_word' id='word_1_121' title='bbox 1005 1350 1144 1392; x_wconf 74' lang='lat' dir='ltr'><strong>verba</strong></span> <span class='ocrx_word' id='word_1_122' title='bbox 1175 1349 1356 1406; x_wconf 74' lang='grc' dir='ltr'>Σκύμνος</span> <span class='ocrx_word' id='word_1_123' title='bbox 1385 1349 1429 1390; x_wconf 81' lang='grc' dir='ltr'><strong>δὲ</strong></span> <span class='ocrx_word' id='word_1_124' title='bbox 1459 1362 1542 1390; x_wconf 70' lang='lat' dir='ltr'><strong>me.</strong></span> <span class='ocrx_word' id='word_1_125' title='bbox 1603 1346 1728 1390; x_wconf 79' lang='lat' dir='ltr'><strong>Haec</strong></span> 
     </span>
     <span class='ocr_line' id='line_1_18' title="bbox 221 1419 1728 1484; baseline -0.005 -14"><span class='ocrx_word' id='word_1_126' title='bbox 221 1427 442 1484; x_wconf 79' lang='lat' dir='ltr'><strong>excipiunt</strong></span> <span class='ocrx_word' id='word_1_127' title='bbox 483 1425 706 1482; x_wconf 83' lang='lat' dir='ltr'><strong>opiniones</strong></span> <span class='ocrx_word' id='word_1_128' title='bbox 749 1421 915 1464; x_wconf 89' lang='lat' dir='ltr'><strong>multae</strong></span> <span class='ocrx_word' id='word_1_129' title='bbox 955 1421 1197 1463; x_wconf 88' lang='lat' dir='ltr'><strong>multorum</strong></span> <span class='ocrx_word' id='word_1_130' title='bbox 1246 1420 1517 1477; x_wconf 89' lang='lat' dir='ltr'><strong>scriptorum</strong></span> <span class='ocrx_word' id='word_1_131' title='bbox 1557 1419 1610 1463; x_wconf 85' lang='lat' dir='ltr'><strong>de</strong></span> <span class='ocrx_word' id='word_1_132' title='bbox 1653 1419 1728 1464; x_wconf 87' lang='lat' dir='ltr'><strong>via</strong></span> 
     </span>
     <span class='ocr_line' id='line_1_19' title="bbox 218 1490 1728 1556; baseline -0.006 -14"><span class='ocrx_word' id='word_1_133' title='bbox 218 1514 302 1556; x_wconf 86' lang='lat' dir='ltr'><strong>qua</strong></span> <span class='ocrx_word' id='word_1_134' title='bbox 346 1497 564 1541; x_wconf 85' lang='lat' dir='ltr'><strong>redierint</strong></span> <span class='ocrx_word' id='word_1_135' title='bbox 608 1496 912 1550; x_wconf 80' lang='lat' dir='ltr'><strong>Argonautae.</strong></span> <span class='ocrx_word' id='word_1_136' title='bbox 995 1492 1134 1534; x_wconf 72' lang='lat' dir='ltr'><strong>Nemo</strong></span> <span class='ocrx_word' id='word_1_137' title='bbox 1185 1491 1361 1549; x_wconf 87' lang='lat' dir='ltr'><strong>quidem</strong></span> <span class='ocrx_word' id='word_1_138' title='bbox 1401 1491 1578 1534; x_wconf 83' lang='lat' dir='ltr'><strong>dubitet</strong></span> <span class='ocrx_word' id='word_1_139' title='bbox 1622 1490 1728 1549; x_wconf 86' lang='lat' dir='ltr'><strong>quin</strong></span> 
     </span>
     <span class='ocr_line' id='line_1_20' title="bbox 217 1562 1726 1620; baseline -0.003 -9"><span class='ocrx_word' id='word_1_140' title='bbox 217 1570 372 1613; x_wconf 82' lang='lat' dir='ltr'><strong>ultima</strong></span> <span class='ocrx_word' id='word_1_141' title='bbox 405 1567 627 1611; x_wconf 84' lang='lat' dir='ltr'><strong>sententia</strong></span> <span class='ocrx_word' id='word_1_142' title='bbox 659 1565 679 1608; x_wconf 79' lang='grc' dir='ltr'>ὁ</span> <span class='ocrx_word' id='word_1_143' title='bbox 713 1567 754 1607; x_wconf 77' lang='grc' dir='ltr'><strong>δὲ</strong></span> <span class='ocrx_word' id='word_1_144' title='bbox 780 1564 939 1620; x_wconf 82' lang='grc' dir='ltr'>Ἴστρος</span> <span class='ocrx_word' id='word_1_145' title='bbox 971 1568 1309 1620; x_wconf 73' lang='grc' dir='ltr'>καταφερόμενος</span> <span class='ocrx_word' id='word_1_146' title='bbox 1329 1562 1620 1619; x_wconf 84' lang='lat' dir='ltr'><strong>paraphrasis</strong></span> <span class='ocrx_word' id='word_1_147' title='bbox 1651 1562 1726 1606; x_wconf 85' lang='lat' dir='ltr'><strong>sit.</strong></span> 
     </span>
     <span class='ocr_line' id='line_1_21' title="bbox 215 1637 1728 1698; baseline -0.003 -14"><span class='ocrx_word' id='word_1_148' title='bbox 215 1642 365 1698; x_wconf 80' lang='lat' dir='ltr'><strong>Atque</strong></span> <span class='ocrx_word' id='word_1_149' title='bbox 399 1640 531 1684; x_wconf 89' lang='lat' dir='ltr'><strong>etiam</strong></span> <span class='ocrx_word' id='word_1_150' title='bbox 563 1641 700 1682; x_wconf 77' lang='lat' dir='ltr'><strong>verba</strong></span> <span class='ocrx_word' id='word_1_151' title='bbox 730 1653 841 1696; x_wconf 87' lang='lat' dir='ltr'><strong>quae</strong></span> <span class='ocrx_word' id='word_1_152' title='bbox 879 1640 949 1680; x_wconf 76' lang='grc' dir='ltr'><strong>καὶ</strong></span> <span class='ocrx_word' id='word_1_153' title='bbox 979 1637 1256 1694; x_wconf 74' lang='grc' dir='ltr'>Καλλίμαχος</span> <span class='ocrx_word' id='word_1_154' title='bbox 1294 1640 1507 1681; x_wconf 85' lang='lat' dir='ltr'><strong>secuntur</strong></span> <span class='ocrx_word' id='word_1_155' title='bbox 1536 1652 1632 1681; x_wconf 86' lang='lat' dir='ltr'><strong>meo</strong></span> <span class='ocrx_word' id='word_1_156' title='bbox 1663 1637 1728 1680; x_wconf 88' lang='lat' dir='ltr'><strong>iu-</strong></span> 
     </span>
     <span class='ocr_line' id='line_1_22' title="bbox 220 1708 1729 1768; baseline -0.001 -13"><span class='ocrx_word' id='word_1_157' title='bbox 220 1713 329 1756; x_wconf 82' lang='lat' dir='ltr'><strong>dicio</strong></span> <span class='ocrx_word' id='word_1_158' title='bbox 363 1712 424 1755; x_wconf 86' lang='lat' dir='ltr'><strong>sic</strong></span> <span class='ocrx_word' id='word_1_159' title='bbox 455 1710 705 1768; x_wconf 84' lang='lat' dir='ltr'><strong>accipienda</strong></span> <span class='ocrx_word' id='word_1_160' title='bbox 739 1713 854 1753; x_wconf 87' lang='lat' dir='ltr'><strong>sunt.</strong></span> <span class='ocrx_word' id='word_1_161' title='bbox 930 1708 1198 1751; x_wconf 84' lang='lat' dir='ltr'><strong>Schneidero</strong></span> <span class='ocrx_word' id='word_1_162' title='bbox 1243 1709 1357 1752; x_wconf 89' lang='lat' dir='ltr'><strong>enim</strong></span> <span class='ocrx_word' id='word_1_163' title='bbox 1402 1709 1469 1753; x_wconf 87' lang='lat' dir='ltr'><strong>his</strong></span> <span class='ocrx_word' id='word_1_164' title='bbox 1501 1710 1548 1753; x_wconf 90' lang='lat' dir='ltr'><strong>in</strong></span> <span class='ocrx_word' id='word_1_165' title='bbox 1577 1710 1729 1754; x_wconf 85' lang='lat' dir='ltr'><strong>verbis</strong></span> 
     </span>
     <span class='ocr_line' id='line_1_23' title="bbox 218 1780 1731 1840; baseline 0.001 -15"><span class='ocrx_word' id='word_1_166' title='bbox 218 1783 453 1839; x_wconf 88' lang='lat' dir='ltr'><strong>genuinum</strong></span> <span class='ocrx_word' id='word_1_167' title='bbox 482 1785 783 1840; x_wconf 83' lang='lat' dir='ltr'><strong>fragmentum</strong></span> <span class='ocrx_word' id='word_1_168' title='bbox 804 1781 1146 1825; x_wconf 87' lang='lat' dir='ltr'><strong>Callimacheum</strong></span> <span class='ocrx_word' id='word_1_169' title='bbox 1175 1780 1322 1825; x_wconf 89' lang='lat' dir='ltr'><strong>latere</strong></span> <span class='ocrx_word' id='word_1_170' title='bbox 1355 1782 1534 1840; x_wconf 88' lang='lat' dir='ltr'><strong>opinato</strong></span> <span class='ocrx_word' id='word_1_171' title='bbox 1566 1783 1731 1827; x_wconf 87' lang='lat' dir='ltr'><strong>indicia</strong></span> 
     </span>
     <span class='ocr_line' id='line_1_24' title="bbox 222 1852 1730 1899; baseline 0.003 -3"><span class='ocrx_word' id='word_1_172' title='bbox 222 1854 364 1897; x_wconf 83' lang='lat' dir='ltr'><strong>omnia</strong></span> <span class='ocrx_word' id='word_1_173' title='bbox 411 1856 604 1898; x_wconf 86' lang='lat' dir='ltr'><strong>obstant.</strong></span> <span class='ocrx_word' id='word_1_174' title='bbox 674 1854 871 1896; x_wconf 86' lang='lat' dir='ltr'><strong>Primum</strong></span> <span class='ocrx_word' id='word_1_175' title='bbox 912 1852 1027 1896; x_wconf 91' lang='lat' dir='ltr'><strong>enim</strong></span> <span class='ocrx_word' id='word_1_176' title='bbox 1063 1854 1203 1896; x_wconf 84' lang='lat' dir='ltr'><strong>verba</strong></span> <span class='ocrx_word' id='word_1_177' title='bbox 1243 1853 1290 1895; x_wconf 91' lang='lat' dir='ltr'><strong>in</strong></span> <span class='ocrx_word' id='word_1_178' title='bbox 1333 1854 1591 1898; x_wconf 86' lang='lat' dir='ltr'><strong>universum</strong></span> <span class='ocrx_word' id='word_1_179' title='bbox 1633 1871 1730 1899; x_wconf 88' lang='lat' dir='ltr'><strong>cum</strong></span> 
     </span>
     <span class='ocr_line' id='line_1_25' title="bbox 220 1925 1730 1986; baseline 0.003 -19"><span class='ocrx_word' id='word_1_180' title='bbox 220 1925 455 1981; x_wconf 80' lang='lat' dir='ltr'><strong>Apollonio</strong></span> <span class='ocrx_word' id='word_1_181' title='bbox 479 1927 771 1969; x_wconf 81' lang='lat' dir='ltr'><strong>consentiunt..</strong></span> <span class='ocrx_word' id='word_1_182' title='bbox 822 1925 1066 1982; x_wconf 80' lang='lat' dir='ltr'><strong>Praecipue</strong></span> <span class='ocrx_word' id='word_1_183' title='bbox 1088 1929 1237 1968; x_wconf 87' lang='lat' dir='ltr'><strong>autem</strong></span> <span class='ocrx_word' id='word_1_184' title='bbox 1258 1927 1569 1984; x_wconf 85' lang='lat' dir='ltr'><strong>paragraphus</strong></span> <span class='ocrx_word' id='word_1_185' title='bbox 1589 1927 1730 1986; x_wconf 90' lang='lat' dir='ltr'><strong>Apol-</strong></span> 
     </span>
     <span class='ocr_line' id='line_1_26' title="bbox 217 1996 1726 2057; baseline 0.003 -20"><span class='ocrx_word' id='word_1_186' title='bbox 217 1996 363 2038; x_wconf 83' lang='lat' dir='ltr'><strong>lodori</strong></span> <span class='ocrx_word' id='word_1_187' title='bbox 392 1997 693 2041; x_wconf 83' lang='lat' dir='ltr'><strong>Bibliothecae</strong></span> <span class='ocrx_word' id='word_1_188' title='bbox 725 1998 747 2039; x_wconf 80' lang='lat' dir='ltr'>I</span> <span class='ocrx_word' id='word_1_189' title='bbox 780 1997 861 2039; x_wconf 80' lang='lat'><strong>137</strong></span> <span class='ocrx_word' id='word_1_190' title='bbox 905 1996 1101 2052; x_wconf 53' lang='lat' dir='ltr'><strong>(XVagn.)</strong></span> <span class='ocrx_word' id='word_1_191' title='bbox 1147 2000 1415 2040; x_wconf 85' lang='lat' dir='ltr'><strong>momentum</strong></span> <span class='ocrx_word' id='word_1_192' title='bbox 1454 1998 1577 2042; x_wconf 87' lang='lat' dir='ltr'><strong>facit.</strong></span> <span class='ocrx_word' id='word_1_193' title='bbox 1641 1999 1726 2057; x_wconf 86' lang='lat' dir='ltr'><strong>Op-</strong></span> 
     </span>
     <span class='ocr_line' id='line_1_27' title="bbox 219 2067 1727 2124; baseline 0.003 -15"><span class='ocrx_word' id='word_1_194' title='bbox 219 2068 323 2111; x_wconf 83' lang='lat' dir='ltr'><strong>time</strong></span> <span class='ocrx_word' id='word_1_195' title='bbox 357 2069 635 2112; x_wconf 80' lang='lat' dir='ltr'><strong>consentiunt</strong></span> <span class='ocrx_word' id='word_1_196' title='bbox 676 2069 781 2111; x_wconf 88' lang='lat' dir='ltr'><strong>haec</strong></span> <span class='ocrx_word' id='word_1_197' title='bbox 814 2068 896 2111; x_wconf 84' lang='lat' dir='ltr'><strong>duo</strong></span> <span class='ocrx_word' id='word_1_198' title='bbox 930 2068 975 2109; x_wconf 92' lang='lat' dir='ltr'><strong>in</strong></span> <span class='ocrx_word' id='word_1_199' title='bbox 1005 2067 1072 2110; x_wconf 92' lang='lat' dir='ltr'><strong>his</strong></span> <span class='ocrx_word' id='word_1_200' title='bbox 1105 2067 1387 2124; x_wconf 88' lang='lat' dir='ltr'><strong>potissimum</strong></span> <span class='ocrx_word' id='word_1_201' title='bbox 1417 2069 1596 2113; x_wconf 82' lang='lat' dir='ltr'><strong>verbis:</strong></span> <span class='ocrx_word' id='word_1_202' title='bbox 1638 2070 1727 2115; x_wconf 89' lang='lat' dir='ltr'><strong>sch.</strong></span> 
     </span>
     <span class='ocr_line' id='line_1_28' title="bbox 222 2138 1728 2198; baseline 0.004 -19"><span class='ocrx_word' id='word_1_203' title='bbox 222 2138 306 2194; x_wconf 87' lang='lat' dir='ltr'><strong>Ap.</strong></span> <span class='ocrx_word' id='word_1_204' title='bbox 338 2138 420 2180; x_wconf 84' lang='lat' dir='ltr'><strong>Rh.</strong></span> <span class='ocrx_word' id='word_1_205' title='bbox 454 2142 543 2187; x_wconf 80' lang='grc' dir='ltr'>τοὺς</span> <span class='ocrx_word' id='word_1_206' title='bbox 574 2143 643 2196; x_wconf 77' lang='grc' dir='ltr'><strong>μὲν</strong></span> <span class='ocrx_word' id='word_1_207' title='bbox 676 2138 731 2187; x_wconf 71' lang='grc' dir='ltr'><strong>εἷς</strong></span> <span class='ocrx_word' id='word_1_208' title='bbox 765 2142 828 2181; x_wconf 77' lang='grc' dir='ltr'><strong>τὸν</strong></span> <span class='ocrx_word' id='word_1_209' title='bbox 861 2138 1026 2194; x_wconf 79' lang='grc' dir='ltr'>Ἀδρίαν</span> <span class='ocrx_word' id='word_1_210' title='bbox 1057 2143 1338 2188; x_wconf 55' lang='grc' dir='ltr'>πεπευκότας</span> <span class='ocrx_word' id='word_1_211' title='bbox 1384 2144 1439 2198; x_wconf 82' lang='grc' dir='ltr'><strong>μὴ</strong></span> <span class='ocrx_word' id='word_1_212' title='bbox 1473 2139 1602 2198; x_wconf 74' lang='grc' dir='ltr'>εὖρεῖν</span> <span class='ocrx_word' id='word_1_213' title='bbox 1634 2145 1728 2192; x_wconf 85' lang='grc' dir='ltr'>τοὺς</span> 
     </span>
     <span class='ocr_line' id='line_1_29' title="bbox 221 2200 1727 2272; baseline 0.004 -22"><span class='ocrx_word' id='word_1_214' title='bbox 221 2200 513 2264; x_wconf 69' lang='grc' dir='ltr'><strong>ἒΑρ·,ὀν&lt;1”1τοις;</strong></span> <span class='ocrx_word' id='word_1_215' title='bbox 559 2213 604 2254; x_wconf 88' lang='lat' dir='ltr'><strong>et</strong></span> <span class='ocrx_word' id='word_1_216' title='bbox 635 2210 858 2266; x_wconf 81' lang='lat' dir='ltr'><strong>Ap.Bib1.</strong></span> <span class='ocrx_word' id='word_1_217' title='bbox 893 2218 966 2252; x_wconf 82' lang='grc' dir='ltr'><strong>τῶν</strong></span> <span class='ocrx_word' id='word_1_218' title='bbox 999 2211 1041 2252; x_wconf 81' lang='grc' dir='ltr'><strong>δὲ</strong></span> <span class='ocrx_word' id='word_1_219' title='bbox 1072 2210 1250 2268; x_wconf 76' lang='grc' dir='ltr'>Κόλχων</span> <span class='ocrx_word' id='word_1_220' title='bbox 1282 2214 1353 2269; x_wconf 84' lang='grc' dir='ltr'><strong>τὴν</strong></span> <span class='ocrx_word' id='word_1_221' title='bbox 1383 2219 1477 2255; x_wconf 84' lang='grc' dir='ltr'>ναῦν</span> <span class='ocrx_word' id='word_1_222' title='bbox 1510 2211 1639 2269; x_wconf 74' lang='grc' dir='ltr'>εὑρεῖν</span> <span class='ocrx_word' id='word_1_223' title='bbox 1670 2217 1727 2272; x_wconf 83' lang='grc' dir='ltr'><strong>μὴ</strong></span> 
     </span>
     <span class='ocr_line' id='line_1_30' title="bbox 223 2274 1730 2336; baseline 0.005 -15"><span class='ocrx_word' id='word_1_224' title='bbox 223 2274 445 2336; x_wconf 71' lang='grc' dir='ltr'><strong>Ξοναμὲνων</strong></span> <span class='ocrx_word' id='word_1_225' title='bbox 490 2297 572 2323; x_wconf 67' lang='lat' dir='ltr'><strong>ms.</strong></span> <span class='ocrx_word' id='word_1_226' title='bbox 649 2281 841 2324; x_wconf 88' lang='lat' dir='ltr'><strong>Tantum</strong></span> <span class='ocrx_word' id='word_1_227' title='bbox 883 2296 989 2336; x_wconf 89' lang='lat' dir='ltr'><strong>ergo</strong></span> <span class='ocrx_word' id='word_1_228' title='bbox 1036 2282 1165 2324; x_wconf 87' lang='lat' dir='ltr'><strong>abest</strong></span> <span class='ocrx_word' id='word_1_229' title='bbox 1207 2284 1259 2325; x_wconf 88' lang='lat' dir='ltr'><strong>ut</strong></span> <span class='ocrx_word' id='word_1_230' title='bbox 1288 2282 1437 2326; x_wconf 80' lang='lat' dir='ltr'><strong>nobile</strong></span> <span class='ocrx_word' id='word_1_231' title='bbox 1469 2283 1730 2328; x_wconf 86' lang='lat' dir='ltr'><strong>Callimachi</strong></span> 
     </span>
     <span class='ocr_line' id='line_1_31' title="bbox 218 2351 1728 2410; baseline 0.005 -18"><span class='ocrx_word' id='word_1_232' title='bbox 218 2351 514 2406; x_wconf 82' lang='lat' dir='ltr'><strong>fragmentum</strong></span> <span class='ocrx_word' id='word_1_233' title='bbox 543 2351 667 2394; x_wconf 84' lang='lat' dir='ltr'><strong>nobis</strong></span> <span class='ocrx_word' id='word_1_234' title='bbox 701 2351 856 2395; x_wconf 85' lang='lat' dir='ltr'><strong>offerri</strong></span> <span class='ocrx_word' id='word_1_235' title='bbox 887 2355 1156 2406; x_wconf 81' lang='lat' dir='ltr'><strong>statuamus,</strong></span> <span class='ocrx_word' id='word_1_236' title='bbox 1189 2357 1240 2397; x_wconf 91' lang='lat' dir='ltr'><strong>ut</strong></span> <span class='ocrx_word' id='word_1_237' title='bbox 1270 2354 1553 2410; x_wconf 83' lang='lat' dir='ltr'><strong>grammatici</strong></span> <span class='ocrx_word' id='word_1_238' title='bbox 1583 2355 1728 2400; x_wconf 22' lang='lat' dir='ltr'><strong>cuius—⁷</strong></span> 
     </span>
     <span class='ocr_line' id='line_1_32' title="bbox 220 2422 1727 2485; baseline 0.005 -21"><span class='ocrx_word' id='word_1_239' title='bbox 220 2422 318 2464; x_wconf 84' lang='lat' dir='ltr'><strong>dam</strong></span> <span class='ocrx_word' id='word_1_240' title='bbox 349 2422 595 2466; x_wconf 74' lang='lat' dir='ltr'><strong>doctiinam</strong></span> <span class='ocrx_word' id='word_1_241' title='bbox 625 2423 729 2466; x_wconf 85' lang='lat' dir='ltr'><strong>haee</strong></span> <span class='ocrx_word' id='word_1_242' title='bbox 761 2425 899 2467; x_wconf 87' lang='lat' dir='ltr'><strong>verba</strong></span> <span class='ocrx_word' id='word_1_243' title='bbox 930 2424 1051 2467; x_wconf 89' lang='lat' dir='ltr'><strong>olere</strong></span> <span class='ocrx_word' id='word_1_244' title='bbox 1081 2427 1250 2481; x_wconf 87' lang='lat' dir='ltr'><strong>pateat.</strong></span> <span class='ocrx_word' id='word_1_245' title='bbox 1312 2425 1415 2469; x_wconf 87' lang='lat' dir='ltr'><strong>Non</strong></span> <span class='ocrx_word' id='word_1_246' title='bbox 1444 2426 1552 2470; x_wconf 87' lang='lat' dir='ltr'><strong>licet</strong></span> <span class='ocrx_word' id='word_1_247' title='bbox 1582 2426 1727 2485; x_wconf 90' lang='lat' dir='ltr'><strong>igitur</strong></span> 
     </span>
     <span class='ocr_line' id='line_1_33' title="bbox 220 2493 1727 2580; baseline 0.005 -43"><span class='ocrx_word' id='word_1_248' title='bbox 220 2493 483 2538; x_wconf 87' lang='lat' dir='ltr'><strong>Schneidero</strong></span> <span class='ocrx_word' id='word_1_249' title='bbox 515 2495 727 2539; x_wconf 86' lang='lat' dir='ltr'><strong>assentiri</strong></span> <span class='ocrx_word' id='word_1_250' title='bbox 757 2495 922 2539; x_wconf 75' lang='lat' dir='ltr'><strong>&lt;licenti</strong></span> <span class='ocrx_word' id='word_1_251' title='bbox 951 2496 1243 2552; x_wconf 83' lang='lat' dir='ltr'><strong>Argonautas</strong></span> <span class='ocrx_word' id='word_1_252' title='bbox 1274 2497 1394 2554; x_wconf 83' lang='lat' dir='ltr'><strong>apud</strong></span> <span class='ocrx_word' id='word_1_253' title='bbox 1410 2497 1727 2580; x_wconf 84' lang='lat' dir='ltr'><strong>Callimachum</strong></span> 
     </span>
     <span class='ocr_line' id='line_1_34' title="bbox 217 2567 1220 2625; baseline 0.004 -17"><span class='ocrx_word' id='word_1_254' title='bbox 217 2581 296 2622; x_wconf 84' lang='lat' dir='ltr'><strong>per</strong></span> <span class='ocrx_word' id='word_1_255' title='bbox 325 2567 532 2610; x_wconf 85' lang='lat' dir='ltr'><strong>Histrum</strong></span> <span class='ocrx_word' id='word_1_256' title='bbox 562 2567 742 2609; x_wconf 75' lang='lat' dir='ltr'><strong>fiuvium</strong></span> <span class='ocrx_word' id='word_1_257' title='bbox 772 2567 961 2610; x_wconf 83' lang='lat' dir='ltr'><strong>Adriam</strong></span> <span class='ocrx_word' id='word_1_258' title='bbox 991 2568 1220 2625; x_wconf 84' lang='lat' dir='ltr'><strong>petivisse.</strong></span> 
     </span>
    </p>

    <p class='ocr_par' dir='ltr' id='par_1_4' title="bbox 222 2637 1732 2915">
     <span class='ocr_line' id='line_1_35' title="bbox 330 2637 1729 2700; baseline 0.005 -21"><span class='ocrx_word' id='word_1_259' title='bbox 330 2637 485 2680; x_wconf 85' lang='lat' dir='ltr'><strong>Tertio</strong></span> <span class='ocrx_word' id='word_1_260' title='bbox 516 2638 610 2681; x_wconf 85' lang='lat' dir='ltr'><strong>loco</strong></span> <span class='ocrx_word' id='word_1_261' title='bbox 644 2639 695 2681; x_wconf 82' lang='lat' dir='ltr'><strong>de</strong></span> <span class='ocrx_word' id='word_1_262' title='bbox 728 2639 891 2682; x_wconf 88' lang='lat' dir='ltr'><strong>scholio</strong></span> <span class='ocrx_word' id='word_1_263' title='bbox 913 2640 1211 2696; x_wconf 88' lang='lat' dir='ltr'><strong>Apolloniano</strong></span> <span class='ocrx_word' id='word_1_264' title='bbox 1242 2641 1289 2684; x_wconf 92' lang='lat' dir='ltr'><strong>in</strong></span> <span class='ocrx_word' id='word_1_265' title='bbox 1314 2657 1379 2685; x_wconf 87' lang='lat' dir='ltr'><strong>vs.</strong></span> <span class='ocrx_word' id='word_1_266' title='bbox 1401 2642 1472 2687; x_wconf 87' lang='lat' dir='ltr'><strong>IV</strong></span> <span class='ocrx_word' id='word_1_267' title='bbox 1489 2642 1586 2697; x_wconf 86' lang='lat'><strong>303,</strong></span> <span class='ocrx_word' id='word_1_268' title='bbox 1601 2643 1729 2700; x_wconf 44' lang='lat' dir='ltr'><strong>«quod</strong></span> 
     </span>
     <span class='ocr_line' id='line_1_36' title="bbox 222 2708 1728 2766; baseline 0.005 -16"><span class='ocrx_word' id='word_1_269' title='bbox 222 2710 287 2750; x_wconf 90' lang='lat' dir='ltr'><strong>est</strong></span> <span class='ocrx_word' id='word_1_270' title='bbox 320 2708 435 2764; x_wconf 85' lang='lat' dir='ltr'><strong>apud</strong></span> <span class='ocrx_word' id='word_1_271' title='bbox 466 2708 778 2752; x_wconf 83' lang='lat' dir='ltr'><strong>Schneiderum</strong></span> <span class='ocrx_word' id='word_1_272' title='bbox 798 2710 932 2766; x_wconf 84' lang='lat' dir='ltr'><strong>Frag.</strong></span> <span class='ocrx_word' id='word_1_273' title='bbox 966 2712 1062 2765; x_wconf 79' lang='lat'><strong>563,</strong></span> <span class='ocrx_word' id='word_1_274' title='bbox 1096 2712 1402 2756; x_wconf 83' lang='lat' dir='ltr'><strong>disserendum</strong></span> <span class='ocrx_word' id='word_1_275' title='bbox 1433 2716 1516 2758; x_wconf 84' lang='lat' dir='ltr'><strong>est.</strong></span> <span class='ocrx_word' id='word_1_276' title='bbox 1577 2714 1728 2758; x_wconf 79' lang='lat' dir='ltr'><strong>Adno-</strong></span> 
     </span>
     <span class='ocr_line' id='line_1_37' title="bbox 222 2778 1730 2838; baseline 0.007 -18"><span class='ocrx_word' id='word_1_277' title='bbox 222 2778 334 2821; x_wconf 85' lang='lat' dir='ltr'><strong>tatio</strong></span> <span class='ocrx_word' id='word_1_278' title='bbox 366 2779 632 2823; x_wconf 84' lang='lat' dir='ltr'><strong>scholiastae</strong></span> <span class='ocrx_word' id='word_1_279' title='bbox 663 2795 923 2838; x_wconf 85' lang='lat' dir='ltr'><strong>quamquam</strong></span> <span class='ocrx_word' id='word_1_280' title='bbox 952 2783 1102 2826; x_wconf 80' lang='lat' dir='ltr'><strong>brevis</strong></span> <span class='ocrx_word' id='word_1_281' title='bbox 1134 2787 1224 2838; x_wconf 85' lang='lat' dir='ltr'><strong>est,</strong></span> <span class='ocrx_word' id='word_1_282' title='bbox 1274 2788 1425 2828; x_wconf 88' lang='lat' dir='ltr'><strong>tamen</strong></span> <span class='ocrx_word' id='word_1_283' title='bbox 1453 2799 1542 2830; x_wconf 88' lang='lat' dir='ltr'><strong>non</strong></span> <span class='ocrx_word' id='word_1_284' title='bbox 1571 2785 1730 2830; x_wconf 79' lang='lat' dir='ltr'><strong>statim</strong></span> 
     </span>
     <span class='ocr_line' id='line_1_38' title="bbox 227 2847 1732 2915; baseline 0.009 -25"><span class='ocrx_word' id='word_1_285' title='bbox 227 2847 516 2905; x_wconf 86' lang='lat' dir='ltr'><strong>intellegitur.</strong></span> <span class='ocrx_word' id='word_1_286' title='bbox 589 2850 736 2904; x_wconf 78' lang='lat' dir='ltr'><strong>Quare</strong></span> <span class='ocrx_word' id='word_1_287' title='bbox 781 2852 939 2896; x_wconf 86' lang='lat' dir='ltr'><strong>mirum</strong></span> <span class='ocrx_word' id='word_1_288' title='bbox 982 2854 1089 2897; x_wconf 90' lang='lat' dir='ltr'><strong>mihi</strong></span> <span class='ocrx_word' id='word_1_289' title='bbox 1132 2855 1311 2899; x_wconf 83' lang='lat' dir='ltr'><strong>videtur</strong></span> <span class='ocrx_word' id='word_1_290' title='bbox 1343 2856 1461 2915; x_wconf 82' lang='lat' dir='ltr'><strong>quod</strong></span> <span class='ocrx_word' id='word_1_291' title='bbox 1491 2857 1581 2902; x_wconf 83' lang='lat' dir='ltr'><strong>viri</strong></span> <span class='ocrx_word' id='word_1_292' title='bbox 1609 2857 1732 2905; x_wconf 69' lang='lat' dir='ltr'><strong>docti</strong></span> 
     </span>
    </p>
   </div>
  </div>
 </body>
</html>
