1839 3265
785 172 1072 214 —ssss„-

167 285 412 328 timentibus
453 288 642 341 egerunt
683 285 889 339 deberet,
943 286 1229 332 Gruentherus
1270 290 1466 333 acumine
1506 294 1552 333 et
1592 287 1689 334 ‹lili-

162 356 316 411 gentia
347 356 564 413 exposuit.

272 427 326 469 In
348 428 546 471 fontibus
570 428 802 486 Apollonii
834 429 1118 487 exquirendis
1152 431 1269 475 haud
1300 433 1388 476 scio
1422 448 1478 476 an
1509 432 1685 490 longius

160 498 400 554 procedere
424 515 511 542 non
542 500 774 556 possimus.
837 502 949 544 Rem
981 518 1088 546 vero
1130 503 1168 547 si
1199 520 1286 547 non
1317 505 1362 548 in
1395 505 1582 562 singulis
1615 504 1686 548 de-

158 570 368 626 pingere,
427 574 476 615 at
528 572 654 629 quasi
696 572 825 616 lineis
874 574 1086 617 extremis
1131 575 1367 632 designare
1411 592 1541 634 posse
1580 575 1687 619 mihi

158 642 325 685 videor.
413 643 527 686 Nam
575 644 765 701 primum
818 646 943 689 nulla
992 648 1205 690 memoria
1255 649 1441 692 nominis
1489 649 1688 706 Apsyrti

161 714 401 770 Apollonio
435 716 575 759 multo
608 717 836 761 vetustior
869 719 1155 776 suppeditat3
1190 723 1285 763 tum
1316 721 1487 764 insulae
1510 721 1686 778 Apsyr-

157 785 294 840 tides,
331 801 442 844 quae
474 802 650 831 causam
682 790 870 834 nominis
903 793 1232 848 praebuerunt,
1276 793 1322 836 in
1353 793 1511 836 intima
1541 793 1688 836 Adria

157 872 319 901 revera
361 859 661 915 exstiterunt,
710 877 850 919 neque
891 865 1136 920 probabilis
1178 880 1230 908 ea
1273 865 1392 909 ratio
1424 865 1605 909 videtur
1636 867 1688 909 ut

154 928 402 973 insularum
425 933 669 990 appellatio
692 935 916 978 recentior
930 936 1160 990 habeatur,
1184 937 1263 981 sed
1279 937 1508 981 contraria
1519 937 1683 995 potius.

157 1002 453 1055 Quamobrem
483 1005 590 1049 haec
620 1007 961 1051 narratiuncula
993 1008 1046 1051 de
1071 1009 1279 1066 Apsyrto
1312 1025 1398 1052 non
1427 1025 1481 1053 ex
1511 1009 1591 1053 illa
1622 1009 1686 1053 fa-

157 1075 363 1118 bularum
387 1077 512 1134 copia
540 1093 650 1135 quae
676 1079 722 1121 in
735 1079 880 1123 Ponto
902 1083 948 1123 et
970 1080 1087 1123 circa
1101 1080 1422 1138 Propontidem
1447 1084 1550 1125 orta
1580 1084 1686 1125 sunt

157 1147 234 1190 sed
275 1163 329 1191 ex
371 1149 438 1192 his
483 1165 640 1206 parum
684 1151 803 1195 notis
843 1155 888 1195 et
921 1152 1167 1210 divulgatis
1200 1154 1442 1210 profluxit,
1487 1168 1598 1212 quae
1629 1153 1686 1197 ad

158 1220 363 1276 regiones
398 1221 693 1267 occidentales
727 1227 945 1281 spectant.

867 1440 973 1485 VII.

159 1552 232 1596 DE
266 1554 626 1597 APOLLODORI
658 1555 1074 1598 BIBLIOTHECAE
1107 1556 1271 1599 LIBRO
1305 1557 1324 1598 Ι
1358 1559 1585 1600 132-138
1617 1558 1684 1600 ΕΤ

595 1625 802 1667 HYGINI
835 1627 1060 1669 FABVLA
1094 1627 1261 1669 XXIII.

282 1740 482 1794 Quorum
514 1741 832 1785 auctoritatem
863 1741 1134 1799 Apollonius
1179 1743 1225 1785 in
1265 1743 1321 1786 iis
1355 1758 1465 1800 quae
1496 1745 1602 1787 sunt
1633 1744 1686 1787 de

160 1810 444 1867 Argonautis
477 1816 522 1855 et
556 1811 732 1855 Colchis
774 1813 820 1855 in
849 1813 995 1856 Adria
1035 1814 1294 1857 errantibus
1337 1815 1565 1871 amplexus
1611 1814 1683 1869 sit,

159 1881 351 1923 nondum
396 1882 508 1925 satis
553 1887 827 1939 compertum
870 1887 939 1926 est
980 1898 1119 1940 neque
1151 1883 1197 1926 in
1227 1887 1357 1927 tanta
1388 1884 1686 1928 subsidiorum

160 1951 310 2009 inopia
341 1956 420 1996 aut
452 1953 789 1996 incitamentum
827 1954 883 1996 ad
914 1954 1182 1998 iudustriam
1225 1959 1303 1998 aut
1348 1971 1469 2012 spem
1508 1956 1685 2000 fructus

161 2024 330 2068 laboris
364 2026 566 2082 capiendi
596 2026 835 2070 inveneris.
911 2026 1035 2070 Fieri
1065 2042 1170 2071 sane
1201 2031 1354 2084 potest
1386 2031 1437 2072 ut
1468 2029 1685 2072 recentio-

161 2113 233 2141 res
268 2099 342 2156 qui
373 2099 425 2142 de
456 2099 781 2155 Argonauticis
815 2100 1003 2156 egerint,
1036 2100 1292 2143 memoriam
1323 2100 1516 2158 aliquam
1546 2101 1685 2157 Apol-

159 2170 278 2213 lonio
312 2172 608 2215 vetustiorem
641 2175 686 2216 et
717 2173 915 2216 fortasse
956 2174 1011 2216 ab
1042 2173 1121 2216 illo
1152 2173 1198 2215 in
1230 2189 1331 2216 suos
1364 2173 1503 2217 libros
1536 2189 1684 2231 recep-

159 2246 252 2286 tam
292 2245 550 2300 praebeant.
624 2247 772 2302 Atque
804 2260 966 2289 revera
997 2246 1051 2288 ab
1083 2245 1163 2288 hac
1193 2248 1325 2301 parte
1355 2261 1450 2289 rem
1481 2245 1686 2302 aggredi-

161 2318 239 2358 tur
260 2316 502 2359 Wernicke
520 2317 549 2372 ¹)
582 2332 677 2360 cum
709 2317 951 2361 contendat
982 2317 1138 2360 harum
1170 2333 1320 2360 rerum
1351 2317 1580 2361 versiones
1613 2333 1685 2361 ex—

166 2387 341 2431 stitisse
364 2389 487 2442 duas,
515 2404 699 2446 quarum
722 2405 852 2432 unam
876 2390 1137 2446 Apollonius
1161 2389 1206 2431 in
1227 2390 1484 2433 universum
1508 2393 1685 2434 secutus

165 2459 237 2513 sit,
272 2460 420 2503 altera
451 2460 497 2503 in
517 2461 691 2517 Hygini
722 2462 876 2505 fabula
896 2462 1060 2504 XXIII
1088 2461 1369 2518 reperiatur3
1402 2461 1686 2518 Apollonium

165 2533 315 2574 autem
347 2532 483 2575 etiam
513 2532 624 2576 hanc
656 2533 920 2590 respexisse.

278 2604 373 2646 Iam
406 2605 608 2662 quaestio
642 2606 797 2649 statim
830 2621 875 2649 se
905 2607 1041 2650 offert
1064 2609 1280 2663 quatenus
1303 2605 1566 2663 Apollonius
1597 2621 1683 2649 me-

160 2676 345 2719 moriam
376 2677 638 2720 litterarum
669 2679 786 2735 apud
806 2679 1082 2735 posteriores
1106 2679 1234 2736 quasi
1264 2678 1489 2721 definierit
1511 2692 1562 2720 ac
1584 2693 1681 2721 con-

165 2748 384 2804 stituerit,
419 2755 637 2806 quatenus
665 2750 755 2793 alia
775 2751 1127 2807 praevaluerint.
1189 2751 1357 2805 Quibus
1389 2750 1442 2793 de
1474 2751 1606 2793 rebus
1638 2750 1684 2793 in

263 2891 296 2934 1)
324 2891 438 2938 Pauly
464 2896 500 2927 et
526 2892 704 2929 Wissowa
728 2893 945 2930 ReaZ.-Enc.
972 2903 999 2928 S.
1026 2903 1057 2929 v.
1083 2892 1277 2939 Apsyrtus.
