1898 3291
215 968 283 1011 De
315 968 683 1023 Argonautarum
716 967 866 1010 reditu
907 968 1158 1011 disserturo
1205 968 1357 1011 fabula
1402 986 1447 1011 sc
1490 971 1626 1012 offert

101 1040 223 1083 cuius
255 1041 466 1083 memoria
511 1040 628 1097 apud
660 1045 836 1083 veteres
878 1040 964 1082 iam
997 1040 1319 1097 antiquissimis
1352 1042 1626 1098 temporibus

103 1113 282 1169 cognita
312 1113 411 1156 fuit.
474 1113 598 1155 Nihil
641 1113 833 1170 quidem·
860 1113 977 1169 apud
1009 1114 1251 1156 Homerum
1294 1114 1346 1156 de
1388 1114 1467 1156 illa
1499 1130 1626 1170 expc-

105 1185 274 1229 ditione
322 1185 613 1242 comperimus
658 1185 744 1227 nisi
776 1186 958 1228 Iunonis
1004 1201 1083 1242 ope.
1129 1186 1277 1229 salvos
1321 1202 1393 1229 eos
1439 1186 1627 1228 rediisse

103 1259 157 1300 ab
190 1257 336 1300 Aeeta
351 1257 392 1312 ¹).
458 1257 569 1299 Tum
610 1256 655 1298 in
696 1257 930 1299 Hesiodeis
950 1257 980 1312 2)
1025 1257 1205 1300 exstitit
1247 1258 1411 1301 mentio
1454 1259 1626 1301 reditus

99 1345 180 1387 per
212 1329 391 1372 Phasim
438 1332 483 1372 et
516 1330 736 1372 Oceanum
782 1329 904 1373 facti.
980 1330 1132 1373 Etiam
1163 1331 1449 1373 Mimnermus
1499 1347 1626 1388 quem

96 1406 286 1459 propter
319 1404 514 1445 aetatem
546 1417 642 1443 cum
674 1401 740 1444 his
764 1402 1039 1458 principibus
1082 1403 1337 1445 consociare
1372 1404 1479 1447 lieet
1511 1404 1626 1446 redi-

98 1478 194 1518 tum
224 1475 396 1517 Iasonis
436 1474 668 1531 vellusque
710 1489 892 1517 aureum
937 1475 1171 1518 reductum
1217 1476 1376 1519 cecinit
1394 1476 1439 1532 3).
1504 1477 1626 1530 Quae

98 1547 357 1590 testimonia
388 1547 434 1589 id
464 1547 746 1603 potissimum
785 1547 933 1604 palam
978 1548 1150 1591 faciunt
1182 1549 1293 1591 hanc
1326 1549 1522 1591 fabulam
1555 1550 1628 1592 vel

100 1618 260 1675 priscis
293 1618 570 1675 temporibus
613 1622 658 1661 et
690 1620 798 1661 bene
831 1624 982 1662 notam
1030 1623 1075 1663 et
1108 1620 1201 1663 sine
1235 1620 1366 1663 dubio
1400 1621 1443 1662 111
1476 1626 1626 1677 poeta-

95 1707 193 1733 rum
226 1706 302 1734 ore
337 1695 571 1734 versatam
605 1706 724 1734 esse:
759 1691 865 1748 quid
897 1692 1013 1748 quod
1045 1693 1171 1748 Argo
1205 1693 1398 1735 Homero
1432 1702 1528 1735 πᾶσι
1560 1699 1626 1750 με’-

101 1766 228 1806 zoom.
261 1763 530 1820 appellatur.
593 1763 690 1806 Iter
723 1763 895 1806 Iasonis
930 1767 975 1807 et
1007 1765 1125 1821 apud
1156 1765 1400 1808 Hesiodum
1432 1769 1478 1808 et
1510 1767 1627 1822 apud

99 1836 406 1879 Mimnermum
439 1835 624 1878 disertis
658 1836 808 1878 verbis
833 1851 928 1878 cum
949 1836 1121 1879 Oceano
1146 1837 1444 1894 coniungitur.
1493 1838 1626 1880 Ocea-

99 1923 181 1949 nus
214 1911 374 1958 autem,
415 1907 511 1965 quis
545 1911 590 1950 et
623 1907 699 1950 ubi
731 1911 863 1962 esset,
909 1912 1046 1964 prout
1079 1909 1262 1966 quisque
1294 1910 1414 1953 inter
1446 1913 1624 1954 veteres

96 1980 306 2023 notitiam
352 1979 471 2022 orbis
514 1983 742 2023 terrarum
786 1980 996 2023 latiorem
1040 1981 1313 2025 artioremve
1357 1983 1622 2039 possideret,

99 2052 234 2096 aliter
267 2052 631 2108 intellegebatur.
695 2053 845 2105 Quare
876 2053 1036 2095 mirum
1068 2069 1155 2095 non
1188 2057 1282 2107 est,
1331 2070 1426 2096 eum
1464 2058 1624 2111 poetae

100 2125 255 2182 primis
289 2125 565 2181 temporibus
600 2125 772 2167 domum
806 2125 1005 2179 Aeetae,
1053 2141 1193 2182 prope
1226 2126 1444 2168 Oceanum
1478 2127 1624 2182 sitam,

98 2199 152 2240 ab
185 2198 343 2240 Iasone
374 2197 564 2254 petitam
607 2198 888 2255 reditumque
919 2197 1020 2241 inde
1053 2198 1221 2241 factum
1263 2214 1358 2241 esse
1400 2199 1626 2254 finxerint,

100 2284 150 2312 ea
185 2285 355 2326 quoque
397 2284 506 2326 quae
551 2270 603 2313 de
645 2270 796 2313 reditu
838 2271 892 2312 ab
925 2270 1097 2312 Oceano
1140 2272 1446 2314 narrabantur
1477 2271 1523 2313 in
1555 2287 1624 2315 ea-

99 2341 196 2385 dem
228 2341 531 2385 inconstantia
563 2343 751 2386 versari.
814 2343 938 2396 Quae
970 2346 1063 2385 tam
1084 2343 1213 2386 varia
1243 2359 1323 2400 per
1354 2344 1497 2387 multa
1530 2359 1622 2386 sae-

98 2413 199 2457 cula
243 2414 490 2470 scriptores
535 2417 614 2457 aut
657 2415 861 2458 versibus
905 2417 984 2457 aut
1029 2415 1178 2458 soluta
1225 2415 1428 2458 oratione
1458 2415 1510 2458 de
1543 2416 1620 2457 illo

96 2484 249 2528 reditu
280 2485 584 2541 protulerunt,
619 2500 669 2528 ea
697 2486 889 2528 nondum
921 2485 1066 2528 omnia
1095 2488 1378 2543 percensebo.
1441 2487 1494 2528 Id
1526 2491 1622 2530 tan-

98 2559 194 2599 tum
239 2558 612 2614 praemonendum
657 2561 726 2600 est
756 2573 844 2599 non
877 2558 1017 2600 solum
1059 2558 1112 2601 de
1145 2558 1298 2601 fabula
1332 2558 1505 2600 Graeca
1537 2558 1623 2614 agi,

97 2628 176 2672 sed
207 2629 342 2672 etiam
374 2629 428 2672 de
460 2632 687 2673 terrarum
707 2624 981 2687 mariumque
1005 2630 1168 2673 sensim
1190 2633 1322 2674 aucta
1354 2630 1620 2687 cognitione.

190 2782 223 2826 l)
250 2781 315 2817 Od.
345 2797 368 2828 μ
395 2784 546 2819 69-72,

191 2844 228 2887 2)
258 2839 296 2877 I'n
324 2844 472 2879 scholiis
499 2845 666 2890 Apollon.
694 2845 744 2879 IV
771 2846 850 2880 259.
878 2847 957 2880 284.

190 2906 226 2949 3)
253 2904 360 2950 Frag.
390 2908 442 2943 10.
