1898 3291
731 183 1016 225 ——ssl—

231 298 328 352 Quo
358 296 531 340 nomine
563 296 680 340 filius
711 298 880 341 Aeetae
915 298 1031 354 apud
1049 298 1307 355 Sophoclem
1339 303 1520 343 vocatus
1555 301 1628 353 sit,

111 385 221 414 »num
255 385 413 414 nomen
447 369 620 412 omnino
658 369 830 422 tulerit,
876 385 979 412 sane
1013 370 1239 412 nescimus.
1304 371 1414 413 Nam
1459 372 1624 427 denego

114 443 238 485 certo
270 440 490 484 affirmari
530 456 659 497 posse
692 441 787 483 sola
831 442 914 484 fide
947 441 1211 483 scholiormn
1244 443 1285 484 in
1323 444 1383 485 IV
1416 446 1510 495 2223,
1544 446 1627 486 2253

112 529 269 557 nomen
299 513 555 570 Apsyrtum
577 513 694 570 apud
718 513 976 570 Sophoclem
1009 514 1249 557 exstitisse.
1323 516 1490 558 (eluntra
1521 516 1625 558 mihi

114 585 212 630 veri
258 585 438 629 videtur
471 585 614 628 simile
647 584 906 642 Sophoclem
938 585 1074 628 filium
1107 586 1277 629 Aeetae
1308 587 1625 630 Phaethontem

112 658 377 715 appellasse.
424 658 618 702 Puerum
635 657 749 701 enim
772 673 825 701 ex
843 657 959 701 Soli’s
983 662 1116 715 gente
1143 662 1407 715 prognatum
1435 660 1525 703 talc
1553 676 1625 703 no-

113 745 214 774 men
243 730 403 774 tulisse
435 730 714 788 aptissimum
747 735 828 774 est.
877 731 1027 788 Atque
1059 732 1360 774 testimonium
1386 732 1626 788 Apollonii,

113 801 189 859 qui
204 801 316 845 hanc
331 802 677 860 appellationem
694 803 945 859 praeterire
966 819 1052 845 non
1069 803 1180 856 vult,
1200 804 1475 847 demonstrat
1494 804 1625 847 etiam

112 878 246 918 antea
288 874 428 917 filium
467 874 640 918 Aeetae
672 890 768 918 esse
799 874 1121 918 Phaethontem
1154 880 1369 918 vocatum.
1439 876 1627 919 Maxime

114 948 264 990 autem
296 947 560 990 confirmant
591 947 703 990 hanc
733 947 1031 991 coniecturam
1064 947 1229 991 scholia
1258 947 1554 1004 Apolloniana
1586 949 1629 991 in

113 1019 186 1061 III
216 1019 313 1074 242,
343 1019 411 1062 IV
441 1020 524 1062 223
557 1035 652 1062 cum
684 1020 868 1063 Homeri
901 1020 1103 1076 Odyssea
1144 1037 1171 1077 μ
1205 1021 1285 1062 132
1317 1036 1404 1076 seq.
1439 1021 1624 1063 collata:

115 1091 188 1133 III
219 1091 326 1144 242,
369 1090 390 1133 ὁ
422 1094 472 1134 τὰ
512 1091 786 1134 Ναυπακτικὰ
817 1096 1048 1149 πεποιηκὼς
1080 1091 1309 1148 Ευρυλὺτην
1342 1091 1462 1149 αὐτὴν
1495 1094 1622 1146 λέγει·

119 1161 325 1211 Διονυσιος
358 1164 401 1205 δὲ
434 1162 454 1205 ὁ
487 1163 688 1220 Μιλήσιος
720 1163 896 1220 Ἑκάτην
930 1168 1084 1219 μητέρα
1120 1164 1302 1219 Μηδείας
1346 1167 1415 1204 καὶ
1456 1163 1626 1220 Κίρκης,

112 1233 169 1283 ὡς
209 1238 467 1292 προείρηται,
520 1235 734 1293 Σοφοκλῆς
778 1234 855 1291 [δὲ]
901 1234 1104 1290 Νέαιραν,
1150 1239 1241 1291 μίαν
1290 1243 1362 1277 τῶν
1397 1235 1626 1291 Νηρηίδων,

118 1305 310 1355 Ἡσίοδος
343 1308 386 1348 δὲ
418 1307 566 1349 Ἰδυῖαν
596 1322 679 1349 κτε.

229 1378 298 1421 IV
329 1378 432 1430 223,
466 1378 506 1420 ἐν
539 1379 581 1420 δὲ
612 1385 696 1426 τοῖς
728 1378 910 1425 Σκυθαις
942 1377 962 1419 ὁ
995 1378 1208 1435 Σοφοκλῆς
1248 1376 1517 1433 ἑτερομήτορα
1562 1386 1632 1435 τῆς

115 1449 306 1508 Μηδείας
341 1453 406 1493 τὸν
435 1449 633 1506 ’Ἄψυρτον
664 1451 794 1503 λέγει·
839 1447 884 1491 οἵ)
926 1449 1002 1505 γὰρ
1051 1448 1097 1490 ἐκ
1129 1457 1223 1505 μιᾶς
1254 1452 1394 1506 κοίτης
1423 1450 1628 1504 ἔβλαστον,

113 1523 204 1566 ἀλλ’
239 1522 260 1566 ὁ
291 1527 361 1580 μὲν
384 1522 596 1580 Νηρηίδος
627 1526 763 1564 τέκνον
795 1521 884 1577 ἄρτι
916 1523 1160 1576 βλάστεσκεν
1192 1522 1239 1577 ἣν
1273 1521 1351 1577 (sic
1373 1522 1504 1564 Laur.
1530 1524 1630 1577 βλα-

114 1600 308 1639 στάνεσκε
331 1599 402 1652 τὴν
425 1595 458 1637 δ’
482 1594 518 1637 F
520 1595 603 1638 lor.
624 1594 746 1650 Par.)
775 1594 919 1636 Εἰδυῖα
940 1598 1027 1651 πρίν
1052 1594 1136 1636 ποτ’
1161 1595 1341 1636 Ωκεανοῦ
1364 1598 1464 1650 κόρη
1488 1598 1626 1636 τίκτεν.

113 1668 193 1712 Od.
227 1684 256 1726 μ
288 1668 370 1710 132
403 1683 492 1724 seq.
693 1667 925 1709 Φαέθουσά
956 1684 998 1709 τε
1030 1667 1246 1723 Λαμπετίη
1278 1682 1329 1719 τε,
1573 1665 1576 1669 ’

420 1741 468 1788 ἂς
499 1744 612 1782 τέκεν
644 1738 793 1795 Ἠελίῳ
827 1739 1026 1795 Ὑπερίονι
1059 1740 1126 1780 δῖα
1158 1738 1330 1793 Νέαιρα.

226 1812 366 1855 Plane
398 1812 627 1856 confusum
658 1816 728 1855 est
759 1811 950 1868 primum
982 1810 1194 1853 scholium
1226 1810 1315 1863 (ΙΙΙ
1346 1809 1460 1864 242).
1518 1809 1632 1851 Nam

113 1901 209 1928 cum
239 1889 373 1942 poeta
403 1884 450 1927 in
479 1884 686 1928 versibus
718 1883 792 1941 qui
814 1883 1094 1940 explicantur
1126 1883 1233 1925 duas
1272 1882 1442 1924 Aeetae
1473 1897 1632 1924 uxores

113 1955 552 2009 commemoraverit,
598 1958 905 2013 exspectamus
937 1957 1327 1998 commentatorem
1359 1954 1538 1997 eandem
1571 1954 1632 1995 di—

114 2029 398 2074 stinctionem
416 2031 520 2072 ante
538 2028 686 2071 oculos
710 2028 884 2071 habere.
939 2027 1095 2084 Pergit
1113 2027 1189 2069 ille
1213 2026 1339 2083 quasi
1364 2026 1416 2068 de
1439 2026 1632 2082 nympha

112 2101 350 2155 Caucasia,
392 2100 592 2158 Apsyrti
622 2103 786 2153 matre,
821 2115 1067 2157 exponens:
1118 2099 1138 2142 ὁ
1181 2103 1230 2142 τὰ
1260 2099 1531 2140 Ναυπακτικὰ
1562 2112 1632 2139 πε-

113 2178 297 2232 ποιηκὼς
328 2171 559 2231 Ευρυλὺτην
591 2171 715 2230 αὐτὴν
747 2174 866 2225 λέγει.
937 2172 1032 2215 Iam
1075 2172 1127 2214 de
1159 2171 1391 2227 Eurylyta
1429 2186 1480 2212 ex
1513 2169 1632 2211 scho-

113 2246 188 2288 liis
218 2245 287 2289 IV
318 2245 373 2288 86
414 2245 546 2301 plura
587 2244 898 2301 comperimus,
941 2243 1055 2286 unde
1087 2245 1214 2299 patet
1261 2256 1365 2294 eam,
1412 2256 1493 2297 quo
1526 2243 1632 2282 tem-

111 2333 220 2375 pore
251 2316 476 2374 expeditio
507 2316 818 2372 Argonautica
849 2316 1010 2366 fiebat,
1053 2315 1224 2357 Aeetae
1261 2328 1441 2355 uxorem
1482 2311 1630 2353 fuisse.

112 2391 180 2433 De
213 2390 362 2433 altera
394 2388 578 2445 coniuge
609 2387 973 2447 in‘Naupacticis
1017 2388 1355 2430 commemorata.
1393 2383 1504 2425 nihil
1545 2398 1629 2425 om-

110 2462 213 2505 nino
246 2461 419 2505 scimus.
458 2461 600 2517 'Ergo
632 2460 714 2503 hoc
743 2459 968 2513 scholium⁷
1003 2458 1119 2516 quod
1148 2457 1289 2514 primo
1323 2456 1477 2497 docere
1510 2454 1627 2497 vide-

113 2535 250 2578 batur
281 2532 561 2589 Eurylytam
593 2532 786 2575 carmine
817 2531 1066 2588 Naupactio
1107 2530 1184 2573 isti
1217 2528 1492 2571 Asterodeae
1539 2541 1629 2568 res-

112 2606 323 2664 pondere,
355 2604 532 2649 minime
562 2604 620 2647 ad
649 2604 762 2648 talia
793 2602 1118 2660 comprobanda
1139 2601 1289 2645 valere
1320 2602 1481 2656 potest.
1545 2597 1631 2640 Sed

113 2678 272 2722 statim
302 2677 350 2719 in
381 2676 667 2734 sequentibus
701 2675 891 2718 dilucide
924 2679 1112 2732 apparet
1152 2673 1198 2715 in
1240 2688 1322 2729 quo
1366 2670 1630 2713 scholiorum

113 2763 277 2806 genere
309 2763 555 2792 versemur.
617 2747 823 2795 Διονυσιος
863 2747 906 2788 δὲ
950 2746 971 2789 ὁ
1014 2746 1213 2801 Μιλήσιος
1257 2743 1429 2798 Ἑκάτην
1475 2744 1630 2796 μητέρα

112 2821 303 2879 Μηδείας·
330 2808 401 2863 καὶ
425 2819 588 2878 Κίρκης
619 2835 701 2862 κτε.
762 2818 857 2861 Iam
888 2833 969 2875 pro
1002 2820 1124 2860 certo
1156 2813 1310 2857 haberi
1339 2814 1490 2869 potest
1519 2810 1630 2852 Dio-

112 2891 291 2951 nysium
311 2891 537 2936 Milesium
567 2890 694 2933 illum
720 2889 859 2933 fuisse
882 2889 951 2932 cui
971 2888 1194 2931 Diodorus
1218 2883 1389 2928 Siculus
1421 2882 1466 2925 in
1496 2882 1628 2927 rebus
