1898 3291
717 180 1049 255 —47-‘

100 327 217 372 Item
246 326 411 372 Strabo
443 327 466 368 I
497 328 552 370 57
593 333 728 385 κοινὴν
760 331 803 371 δέ
836 346 920 371 τινα
952 339 1026 372 τῶν
1058 335 1134 386 πρὸ
1166 331 1284 373 αὐτοῦ
1324 331 1427 386 τισινζ
1457 331 1618 385 ἄγνοιαν

102 401 248 456 ταὺτην
281 397 493 456 ἠγνόηκεν,
526 396 792 455 ὑπσλαβοῦσιν
825 400 924 443 εἷναί
945 418 1029 443 τινα
1054 402 1258 459 ὁμώννψ.σν
1288 412 1341 458 τῷ
1371 402 1514 458 Ἴστρῳ
1546 419 1619 445 πο·

96 473 227 528 ,ταμὸν
261 469 517 525 ἐκβάλλοντα
563 470 621 519 εἰς
653 475 718 513 τὸν
751 471 920 527 Ἀδρίαν
954 472 1246 529 ἀπεσχισμένον
1279 489 1360 515 ms.
1423 475 1519 516 Non
1554 493 1620 517 so-

101 541 194 584 lum
214 541 498 598 Hipparchus
533 557 658 598 quem
682 542 846 586 Strabo
880 543 925 585 in
957 543 1023 586 his
1047 544 1346 600 reprehendit.
1381 546 1457 587 scd
1488 546 1621 588 otiam

97 611 410 669 -Theopompus
436 614 465 666 ¹)
500 612 562 655 sic
593 612 802 670 deceptus
837 617 918 656 est.
980 614 1105 656 Hanc
1128 615 1371 671 opinionem
1406 617 1457 659 dc
1490 633 1618 660 cursu

103 683 256 727 Histri
285 682 397 728 viris
431 682 574 726 doctis
598 685 704 727 tunc
725 685 940 741 temporis
964 689 1189 742 acceptam
1213 701 1307 728 csse
1340 686 1467 729 docet
1499 688 1618 730 locus

100 755 289 799 maxime
338 754 499 798 nobilis
546 755 663 812 apud
694 755 991 799 Aristotelem
1031 758 1143 799 Hist.
1178 759 1361 799 Animal.
1396 758 1511 801 VJJI
1545 759 1619 801 13:

101 828 229 871 αἴτιον
273 827 307 871 δ’
350 827 411 870 ὅτι
452 825 559 869 οὗτοι
598 831 712 883 μόνοι
755 827 1018 871 ἀναπλέουσιν
1062 827 1117 877 εἰς
1164 832 1228 870 τὸν
1267 828 1423 885 Ἴστρον
1469 829 1547 871 εἷθ’
1592 831 1618 886 ᾖ

100 903 310 958 σχίζεται,
355 900 651 942 καταπλέουσιν
695 898 753 947 εἰς
785 902 848 942 τὸν
881 899 1068 955 Ἀδρίαν·
1116 908 1282 957 σημεῖον
1315 902 1382 949 δὲ,
1430 901 1514 944 ἐκεῖ
1546 906 1622 959 γὰρ

101 973 309 1028 συμβαίνει
348 969 570 1014 τούναντίον
613 986 695 1013 me.
792 970 1017 1023 Quomodo
1071 972 1285 1028 procedat
1335 973 1619 1016 ratiocinatio

101 1042 283 1099 dignum
314 1046 384 1086 est
417 1043 532 1100 quod
563 1042 840 1099 inspiciatur.
903 1043 1126 1100 Exposuit
1158 1043 1228 1085 vir
1260 1058 1441 1098 magnus
1475 1046 1527 1087 dc
1559 1046 1621 1102 pi-

102 1114 248 1158 scibus
281 1114 544 1172 quibusdam
574 1114 651 1171 qui
680 1114 873 1157 Pontum
904 1115 1130 1158 intrantes
1162 1130 1249 1157 non
1279 1116 1466 1172 amplius
1500 1133 1621 1173 egre-

102 1185 276 1229 dientes
310 1186 571 1241 videantur;
605 1185 727 1228 cuius
759 1186 827 1229 rei
857 1201 1033 1229 causam
1065 1202 1160 1229 esse
1193 1188 1307 1244 quod
1338 1187 1479 1243 pisces
1511 1189 1622 1231 Pon-

101 1261 198 1301 -tum
229 1273 309 1314 per
342 1257 664 1314 Propontidem
695 1272 857 1301 revera
895 1274 982 1301 non
1013 1258 1271 1315 relinquunt
1304 1259 1380 1302 sed
1411 1275 1491 1315 pcr
1522 1260 1623 1302 His-

102 1331 223 1372 trum
255 1329 300 1371 in
332 1329 522 1371 Adriam
553 1328 867 1384 egrediuntur3
913 1344 1006 1371 rem
1039 1329 1100 1371 sic
1132 1345 1178 1372 sc
1210 1330 1371 1372 habere
1403 1330 1483 1372 hoc
1513 1330 1623 1372 indi-

105 1400 170 1443 cio
203 1400 408 1458 (σημεῖον)
439 1401 679 1456 probatum
704 1415 813 1452 esse,
845 1400 988 1456 pisces
1011 1400 1101 1443 illis
1125 1401 1378 1457 regionibus
1403 1416 1428 1443 a
1449 1402 1624 1445 flumine

104 1471 152 1515 in
191 1486 315 1515 mare
361 1470 678 1514 descendentes
724 1470 844 1528 capi3
891 1473 1048 1514 contra
1091 1473 1240 1514 autem
1281 1471 1397 1513 circa
1436 1473 1627 1516 Pontum

104 1543 216 1587 fieri.
277 1543 373 1586 Iam
402 1542 645 1600 perspicies
677 1542 919 1586 rationem:
953 1543 1122 1585 sciebat
1140 1542 1416 1586 Aristotcles
1451 1559 1626 1587 consue-

105 1614 284 1657 tudines
330 1613 606 1670 thynnorum
652 1613 844 1657 Pontum
891 1613 1181 1657 intrantium:
1245 1613 1413 1658 sciebat
1456 1631 1626 1673 quoque

98 1685 446 1729 consuetudines
479 1701 631 1728 eorum
663 1685 738 1742 qui
769 1685 887 1728 circa
918 1685 1106 1728 Adriam
1139 1685 1450 1742 capiebantur:
1493 1692 1626 1744 atque

100 1756 317 1801 credebat
348 1756 557 1800 Histrum
598 1756 645 1798 in
684 1759 921 1813 utrumque
951 1771 1074 1799 mare
1106 1756 1303 1799 influere.
1365 1757 1506 1811 Quam
1539 1759 1627 1816 opi-

99 1828 279 1871 -nionem
311 1827 438 1884 quasi
467 1827 803 1870 fundamentum
835 1826 1009 1868 firmum
1040 1841 1091 1869 ac
1112 1830 1282 1870 certum
1304 1829 1466 1884 posuit.
1514 1829 1628 1872 Nam

106 1900 216 1943 duas
247 1915 321 1942 res
353 1900 462 1942 bene
494 1903 638 1953 notas,
673 1913 784 1956 quae
809 1898 1104 1955 explicatione
1127 1900 1351 1952 carebant,
1384 1900 1462 1943 illo
1486 1900 1625 1943 tertio

99 1972 161 2015 >de
199 1971 352 2015 Histri
403 1986 537 2013 cursu
590 1970 716 2028 quasi
764 1969 940 2013 vinculo
993 1970 1221 2014 coniunxit
1265 1974 1310 2014 et
1356 1971 1625 2027 explanavit.

106 2042 301 2086 Etiamsi
332 2058 386 2086 ex
415 2041 484 2085 his
518 2041 743 2085 enucleari
782 2057 869 2084 non
900 2043 1064 2097 potest,
1100 2041 1312 2098 quomodo
1346 2041 1452 2085 haec
1481 2041 1626 2098 opinio

106 2114 249 2172 primo
281 2114 404 2157 facta
436 2113 517 2168 sit,
560 2117 710 2157 tamen
740 2112 871 2170 plane
903 2115 1093 2169 apparet
1126 2128 1202 2155 cur
1235 2128 1362 2155 error
1395 2112 1470 2169 qui
1499 2112 1625 2155 nobis

103 2185 318 2228 mirificus
350 2185 545 2239 videtur,
578 2187 672 2228 tam
703 2184 779 2227 diu
809 2183 963 2240 vigere
996 2187 1041 2226 et
1071 2183 1231 2226 florere
1263 2185 1477 2240 potuerit.
1541 2184 1624 2227 Ta-

105 2257 222 2300 libus
263 2256 378 2300 enim
416 2257 546 2301 fidem
588 2257 712 2300 dedit
755 2256 826 2299 vir
870 2255 989 2298 inter
1022 2258 1200 2298 veteres
1233 2256 1429 2298 acumine
1461 2256 1627 2312 ingenii

106 2328 327 2386 princeps.

222 2400 311 2443 Sed
341 2401 397 2443 ab
429 2400 520 2443 alia
550 2399 726 2456 quidem
756 2401 887 2455 parte
929 2398 985 2440 ad
1016 2413 1109 2440 rem
1141 2398 1348 2441 accedere
1380 2414 1624 2455 possumus.

101 2472 161 2515 -In
175 2472 293 2519 libro
317 2472 370 2515 de
386 2471 580 2515 Mirabil.
599 2471 803 2514 Auscult.
824 2486 915 2527 cap.
937 2470 1052 2513 CIV.
1086 2470 1175 2512 fori
1204 2471 1439 2513 communis
1463 2471 1626 2514 mentio

107 2542 161 2586 fit
201 2542 277 2586 ubi
312 2546 585 2587 mercatores
619 2557 645 2585 a
677 2542 820 2584 Ponto
863 2556 958 2584 cuni
999 2540 1089 2583 illis
1131 2541 1186 2582 ab
1225 2540 1371 2583 Adria
1412 2541 1627 2597 profectis

108 2613 398 2658 convenirent
412 2615 454 2669 ρ).
517 2613 620 2657 Sine
665 2613 796 2656 dubio
836 2612 883 2654 in
918 2611 986 2654 his
1028 2611 1239 2654 memoria
1271 2612 1457 2655 obscura
1487 2627 1626 2669 neque

108 2684 220 2729 satis
252 2684 487 2730 intellecta
516 2685 633 2729 latet
666 2683 915 2729 commercii
945 2686 1242 2728 mercatorum
1286 2682 1404 2726 inter
1449 2683 1527 2726 has
1560 2698 1626 2726 re-

206 2866 241 2911 1)
262 2849 315 2902 ij
341 2865 463 2903 Strab.
489 2866 557 2903 vn
583 2869 662 2902 317.

202 2927 239 2973 2)
266 2926 319 2963 Cf.
346 2927 555 2974 Bergerum,
580 2929 652 2964 Die
683 2927 807 2974 Geoqr.
834 2926 943 2973 Fray.
971 2926 1004 2962 d.
1030 2926 1136 2962 Erat.
1163 2935 1244 2971 pag.
1272 2926 1339 2961 347
1367 2924 1447 2961 adn.
1477 2926 1508 2962 1.
