1898 3291
679 163 962 204 „21-

69 283 217 323 monte
248 280 436 336 Anguro
459 294 597 336 prope
621 279 827 321 Histrum
859 278 960 332 sito,
994 278 1047 321 de
1066 277 1214 321 Histri
1247 277 1363 320 ostio
1381 277 1583 329 Pontico,

71 351 124 394 de
155 350 316 394 Martis
363 350 510 393 insula
553 365 664 406 quac
706 350 821 392 haud
862 349 1018 406 procul
1062 364 1087 390 a
1121 349 1328 391 Colchide
1378 349 1467 392 sita
1498 352 1580 402 est,

68 422 208 480 deque
239 423 394 466 avibus
427 421 520 465 illic
562 422 756 478 repertis
797 421 1006 464 narravit
1050 421 1323 476 Timagetus.
1402 421 1581 477 Compe-

66 494 204 538 rimus
236 494 378 551 igitur
410 510 464 538 ex
508 494 576 537 his
622 494 773 551 paucis
807 493 1088 548 Timagetum
1131 492 1270 535 fuisse
1315 491 1580 548 scriptorem

65 581 216 610 rerum
236 566 647 623 geograpfficarum,
680 566 797 608 haud
819 565 948 608 dubie
971 564 1174 622 pedestri
1205 578 1407 607 sermone
1441 580 1580 616 usum,

67 642 114 683 et
144 639 341 682 fabulam
371 639 725 695 Argonauticam
756 637 908 681 dedita
940 652 1076 694 opera
1106 639 1343 679 tractasse.

181 711 353 755 Nomen
379 711 638 768 Timagetus
671 725 887 767 nusquam
919 709 1026 752 alibi
1057 709 1103 751 in
1133 708 1427 751 monumentis
1460 707 1582 751 litte-

67 798 220 826 rarum
260 783 489 827 invenitur
532 783 619 826 nisi
664 783 781 840 apud
814 781 1100 825 Theocritum
1144 781 1190 823 in
1234 781 1427 824 carmine
1460 780 1581 824 cuius

67 858 138 899 est
168 854 329 899 titulus
349 854 755 907 Pharmaceutriae,
790 869 878 897 vss.
911 855 950 906 8,
985 854 1051 896 97.
1114 852 1215 896 Non
1247 853 1388 895 solum
1418 853 1472 895 ab
1504 852 1586 895 hac

66 931 198 984 parte
239 942 398 970 nomen
443 942 540 970 esse
571 927 738 969 Dorica
783 926 925 982 stirpe
972 939 1234 981 cognoscas,
1287 924 1365 967 sed
1395 923 1584 967 maxime

67 1014 148 1056 ope
166 999 467 1056 exemplorum
490 1013 599 1055 quae
616 997 797 1040 Fickius
821 1002 867 1040 et
890 996 1147 1040 Bechtelius
1170 996 1269 1052 (Die
1294 995 1585 1038 Grieclciscken

68 1069 434 1112 Personennamen
464 1083 564 1125 pag.
596 1069 670 1122 42)
717 1071 1050 1123 congesserunt.
1123 1066 1237 1109 Nam
1268 1091 1323 1097 —
1354 1070 1507 1123 ἀγητος
1538 1068 1585 1108 et

68 1138 241 1193 Ἀγεστο
271 1164 328 1169 -
358 1138 404 1181 in
425 1137 673 1180 nominibus
698 1137 895 1194 propriis
927 1136 1237 1194 componendis
1270 1135 1445 1192 saepius
1467 1134 1585 1192 apud

66 1210 308 1254 Dorienses
341 1210 643 1267 reperiuntur.

180 1281 349 1335 Quibus
390 1281 665 1338 temporibus
700 1281 958 1337 Timagetus
1001 1280 1237 1338 scripserit
1279 1281 1376 1323 fere
1408 1278 1586 1322 definiri

67 1357 232 1411 potest.
304 1353 504 1396 Primum
547 1353 662 1396 enim
694 1353 933 1410 Apollonio
968 1353 1173 1410 superior
1204 1352 1317 1406 fuit,
1360 1351 1439 1395 sed
1468 1350 1587 1394 haud

67 1441 225 1483 magno
257 1425 514 1470 intervallo.
586 1426 749 1467 Mirum
790 1425 905 1468 enim
946 1429 1016 1469 est
1059 1425 1177 1482 quod
1219 1425 1383 1467 famam
1412 1424 1587 1467 lacuum

66 1498 404 1541 Helveticorum
435 1500 692 1554 acceperat,
736 1512 843 1554 quos
875 1497 1143 1540 Aristotelis
1175 1496 1450 1553 temporibus
1482 1511 1587 1538 non-

69 1570 171 1613 dum
201 1574 331 1614 notos
354 1569 507 1623 fuisse,
542 1569 783 1625 descriptio
817 1584 971 1612 cursus
1003 1569 1156 1613 Histri
1187 1568 1435 1625 (Meteorol.
1458 1568 1482 1610 Ι
1514 1568 1585 1624 13)

66 1640 264 1683 indicare
304 1639 498 1683 videtur.
577 1639 836 1695 Timagetus
871 1639 1013 1695 igitur
1055 1638 1130 1696 qui
1167 1639 1324 1681 harum
1354 1638 1586 1694 regionum

71 1712 321 1768 cognitione
360 1710 660 1754 Aristotelem
692 1710 936 1767 superavit,
969 1711 1024 1753 ab
1055 1710 1295 1767 Apollonio
1326 1710 1472 1753 victus
1505 1713 1588 1762 est,

68 1781 342 1839 temporibus
374 1780 530 1825 mediis
561 1780 729 1823 vixisse
760 1780 954 1823 xddetur.

185 1853 437 1897 Scholiasta
479 1854 598 1896 teste
629 1852 898 1909 Apollonius
943 1868 1039 1895 cum
1081 1867 1310 1909 egressum
1350 1868 1404 1895 ex
1443 1853 1587 1895 Ponto

69 1926 244 1969 Euxino
267 1923 348 1982 per
363 1925 572 1969 Histrum
603 1925 772 1968 factum
803 1940 899 1968 esse
932 1927 1158 1968 statueret
1180 1924 1497 1968 auctoritatem
1516 1923 1588 1965 Ti-

70 1997 239 2054 mageti
276 1997 504 2054 amplexus
536 2000 617 2040 est.
697 1996 837 2050 Quem
878 2012 986 2040 vero
1031 2000 1208 2040 secutus
1248 2000 1384 2054 poeta
1423 1996 1591 2039 exitum

71 2069 119 2112 in
159 2069 349 2112 Adriam
394 2084 474 2126 per
518 2069 713 2112 alterum
755 2068 908 2112 Histri
947 2069 1201 2112 bracchium
1246 2069 1455 2122 finxerit,
1503 2085 1591 2111 non

73 2141 376 2199 comperimus.
438 2141 634 2185 Etiamsi
662 2141 833 2183 nullum
864 2157 1022 2184 nomen
1051 2141 1273 2185 traditum
1304 2144 1393 2194 est,
1439 2144 1590 2184 tamen

72 2229 203 2271 quam
233 2213 365 2257 facile
395 2213 470 2257 vel
489 2213 758 2270 Apollonius
790 2212 864 2255 vel
895 2212 1010 2256 alius
1045 2213 1264 2270 quispiam
1294 2228 1390 2256 rem
1420 2212 1486 2256 ita
1516 2228 1590 2255 no-

71 2298 180 2327 vare
210 2282 425 2340 potuerit,
457 2298 559 2325 mox
590 2282 827 2340 apparebit
840 2282 883 2338 ¹).

186 2356 281 2398 Iam
328 2354 506 2398 scholiis
545 2355 702 2412 quibus
735 2353 1016 2411 potissimum
1057 2354 1266 2397 nituntur
1307 2354 1388 2398 hae
1421 2354 1591 2397 conclu-

71 2428 218 2471 siones
248 2427 380 2470 fidem
407 2426 601 2483 denegat
623 2427 670 2470 O.
691 2426 1044 2480 Schneiderus2).
1106 2426 1221 2469 Nam
1254 2426 1484 2470 contendit
1514 2426 1591 2469 ille

69 2499 142 2544 vir
204 2498 361 2542 doctus
416 2498 552 2542 etiam
608 2499 726 2556 apud
787 2497 1106 2542 Callimachum
1155 2498 1449 2555 Argonautas
1508 2513 1589 2555 per

74 2641 159 2666 num
182 2630 371 2675 Timageto
408 2631 462 2666 ita
499 2635 624 2666 notum
659 2630 773 2667 fuisse
809 2635 850 2666 ut
889 2630 965 2667 vult
1003 2630 1181 2676 Bergkius
1219 2630 1330 2666 dicas.
1394 2630 1468 2666 Iste
1499 2629 1593 2665 enim

72 2692 175 2728 lacus
200 2692 361 2729 Celticus
386 2697 424 2729 et
448 2693 701 2738 Brigantinum
727 2698 763 2729 et
790 2693 1013 2729 Lemannum
1038 2692 1327 2739 comprehendit,
1353 2693 1415 2739 qui
1440 2696 1592 2738 propter

74 2754 319 2801 ignorantiam
343 2755 505 2790 locorum
530 2766 597 2800 pro
623 2766 694 2791 uno
720 2755 915 2802 eodemque
939 2755 1180 2793 habebantur,

171 2816 205 2862 1)
229 2815 275 2851 cf.
300 2825 408 2861 pagg.
436 2818 482 2852 46
509 2818 623 2863 seqq.)

169 2877 206 2925 2)
237 2878 480 2915 Callimachea
505 2880 537 2915 Π
563 2881 619 2915 81.
