1898 3291
688 201 972 242 —49-

72 332 175 366 ‚cum
204 315 395 360 Romani
424 316 579 360 multis
613 316 739 359 annis
782 320 883 371 post
925 314 1087 358 bellum
1120 318 1277 358 contra
1308 315 1490 356 Histros
1521 328 1593 368 ge-

75 391 226 433 rentes
257 389 406 432 fontes
438 387 629 431 fluminis
672 388 717 430 111
757 386 970 443 proximis
1011 386 1234 429 montibus
1268 386 1533 428 invenerunt
1553 383 1591 436 ¹)-

73 459 248 516 Itaque,
279 454 340 502 ut'
362 473 456 501 rem
486 459 636 515 paucis
671 459 835 510 dicam,
878 457 983 500 haec
1025 457 1169 513 opinio
1203 457 1254 499 de
1288 457 1445 499 Histro
1479 454 1593 511 quod

73 529 131 572 ad
162 533 311 573 ortum
343 533 389 573 et
420 529 653 573 interitum
685 529 873 580 attinct,
919 544 971 571 ex
1005 528 1252 571 rationibus
1285 525 1592 583 geographicis

77 600 339 659 explicanda
371 603 452 654 est,
488 601 604 657 quod.
626 604 783 643 >autem
814 603 907 642 tam
938 600 1030 642 late
1063 598 1351 641 disseminata
1383 613 1431 639 ac
1454 596 1594 638 ‹livul-

74 675 184 729 gata
215 675 296 726 est,
329 672 376 715 id
405 672 637 729 Apollonii
668 672 940 715 auctoritate
973 673 1176 714 effectum
1210 686 1304 715 csse
1333 669 1512 712 dixeris.

796 892 877 937 IV.

665 1009 739 1050 DE
781 1008 1008 1050 TIMAEO.

132 1148 134 1150 ν
192 1123 329 1166 Initio
361 1122 490 1165 huius
523 1121 906 1164 commentationis
944 1133 1102 1163 versus
1134 1118 1239 1161 libri
1272 1118 1338 1160 JV
1370 1117 1596 1159 552—556

78 1195 216 1239 attuli
257 1195 331 1253 qui
373 1195 478 1237 mihi
518 1197 771 1237 monstrare
813 1194 1082 1237 videbantur
1121 1194 1297 1248 poetam
1341 1189 1396 1231 ad
1437 1204 1597 1231 novum

81 1272 214 1324 caput
245 1267 457 1310 transire.
520 1267 643 1320 Quae
687 1270 898 1309 secuntur
943 1280 995 1307 ex
1040 1264 1207 1305 duabus
1252 1260 1455 1318 partibus
1501 1275 1597 1302 con-

80 1340 218 1390 stant,
253 1352 439 1394 quarum
468 1337 614 1394 prima
645 1337 697 1379 de
730 1351 863 1378 cursu
892 1350 972 1391 per
993 1333 1239 1376 Eridanum
1270 1334 1316 1373 et
1338 1330 1599 1372 Rhodanum

79 1410 126 1453 in
155 1424 278 1452 mare
319 1409 566 1462 internum,
613 1409 760 1451 altera
792 1407 844 1450 de
877 1407 950 1450 via
980 1404 1158 1448 itineris
1206 1398 1328 1445 illinc
1367 1417 1503 1457 usquc
1547 1400 1601 1442 ad

83 1482 329 1538 Corcyram
362 1484 443 1523 est.
506 1480 574 1522 De
597 1479 677 1522 hac
697 1481 829 1536 parte
853 1477 1058 1535 quoniam
1088 1491 1162 1518 res
1194 1473 1334 1530 magis
1367 1472 1412 1514 in
1444 1474 1600 1532 aperto

82 1557 155 1597 est
176 1554 374 1611 ‘primum
404 1552 555 1609 paucis
603 1566 743 1607 agam.
818 1550 1069 1593 Scholiasta
1111 1547 1225 1590 enim
1265 1545 1311 1588 in
1348 1544 1602 1587 universum

82 1628 176 1668 rem
208 1624 400 1668 confecit
431 1639 527 1666 cum
558 1623 615 1665 ad
636 1623 703 1666 IV
722 1622 803 1664 661
837 1621 944 1664 haec
975 1619 1273 1663 adscriberet:
1307 1617 1434 1659 ἔοικεν
1456 1616 1606 1659 Ἀπολὲ

82 1700 225 1746 λώνιος
266 1685 516 1754 ἐκδὲδὲχθαι
563 1699 633 1753 τὴν
665 1695 896 1741 Ὀδυσσέως
938 1695 1094 1751 πλάνην
1135 1694 1225 1747 περὶ
1266 1691 1490 1746 Τυρρηνίαν
1536 1691 1606 1730 καὶ

84 1769 275 1811 Ἰταλίαν.
335 1767 436 1810 ’ἐκεῖ
475 1770 552 1822 γὰρ
591 1765 828 1808 ὑποτίθεται
867 1768 936 1821 τὴν
979 1763 1137 1820 Κίρκην
1178 1761 1314 1804 οἰκεῖν.
1385 1760 1603 1802 Homerus

84 1841 228 1897 igitur
254 1840 445 1882 omnium
467 1839 674 1896 princeps
700 1841 782 1891 est,
801 1837 937 1880 .cuius
959 1836 1005 1878 in
1026 1837 1166 1878 verba
1183 1834 1388 1876 Timaeus
1411 1830 1605 1873 illustris

84 1911 162 1955 ille
193 1927 344 1954 rerum
374 1910 774 1967 geographicarum
804 1908 999 1965 scriptor
1028 1905 1211 1949 iuravit.
1277 1904 1363 1957 Qui
1395 1902 1608 1960 quomodo

85 1983 396 2040 Argonautica
425 1982 729 2036 narraverit„
757 1981 923 2038 partim
965 1982 1088 2022 certo
1133 1977 1291 2020 scimus
1335 1975 1500 2032 partim
1538 1987 1606 2015 ra-

86 2055 283 2100 tionibus
316 2055 428 2099 satis
459 2055 623 2098 validis
656 2070 813 2098 eruere
845 2067 1090 2110 possumus.
1145 2050 1252 2092 Cum
1284 2050 1431 2090 autem
1462 2037 1614 2102 plera-⁴

88 2132 171 2185 que
203 2126 449 2183 diligenter
480 2127 567 2169 iam
588 2129 790 2180 tractata
820 2125 909 2168 sint
927 2125 970 2180 2),
1005 2136 1215 2166 summam
1236 2134 1385 2162 rerum
1407 2116 1609 2159 breviter

89 2200 345 2255 proponam.
918 2189 919 2193 ’

203 2270 267 2313 Et
297 2269 488 2326 primum
509 2268 844 2311 fundamentum
868 2265 1167 2309 firmissimum
1188 2261 1410 2313 Diodorus
1436 2258 1608 2301 Siculus

192 2433 227 2478 1)
254 2430 310 2466 Cf.
337 2430 441 2466 Diod.
470 2430 537 2465 Sic.
566 2427 616 2465 1V'
640 2433 695 2465 56.
770 2430 849 2464 Hoc
883 2429 1016 2464 bellum
1051 2427 1179 2471 quibus
1219 2422 1440 2468 temporibus
1472 2425 1611 2464 gestum

94 2493 154 2536 sit,
179 2503 250 2527 non
276 2497 447 2528 accurate
473 2493 616 2527 scimus.
658 2494 762 2526 Anno
790 2502 820 2525 a.
838 2491 918 2525 Chr.
938 2493 979 2524 17
1008 2488 1123 2523 Histri
1150 2486 1303 2521 nondum
1331 2482 1470 2518 subacti
1498 2486 1612 2516 eraut.

93 2552 174 2588 Vid.
200 2552 330 2597 Zippel
355 2553 412 2587 die
444 2552 617 2587 romische
647 2549 864 2592 Heri-sellan
899 2550 940 2584 in
974 2548 1131 2593 Illyrien
1156 2558 1191 2590 p.
1226 2547 1299 2580 175.
1361 2542 1449 2576 Tum
1490 2540 1614 2576 confer

94 2612 192 2651 Suet.
219 2612 323 2648 Caes.
349 2613 412 2647 22:
448 2616 479 2646 et
510 2612 618 2647 initio
643 2611 782 2656 quidem
815 2610 977 2644 Galliam
1007 2607 1251 2651 Cisalpinam,
1288 2604 1439 2647 Illyrico
1465 2603 1611 2644 adiecto,

92 2671 164 2723 leae
192 2671 361 2721 -Vatimza
396 2674 541 2717 accepit.
601 2672 702 2708 Unde
741 2670 1024 2706 concludendum
1062 2675 1117 2704 est
1149 2678 1242 2702 anno
1270 2677 1301 2700 a.
1329 2666 1391 2700 Ch.
1421 2667 1464 2699 59
1499 2668 1612 2698 totam

95 2734 279 2777 regionem
301 2734 397 2768 circa
416 2733 566 2767 Adriarn
592 2732 638 2767 ad
664 2732 853 2776 imperium
871 2731 996 2775 populi
1011 2729 1163 2764 Romani
1189 2729 1260 2762 iam
1287 2726 1492 2760 adiunctam
1519 2733 1611 2774 esse.

96 2794 184 2828 Rem
210 2794 361 2838 propius
387 2793 537 2829 definire
563 2804 712 2837 nequeo.

175 2855 228 2899 2)
254 2854 307 2891 Cf
325 2853 563 2889 'Gueutherus
590 2853 611 2887 l.
631 2863 664 2888 (1.-
688 2854 732 2887 27
748 2862 858 2896 seqq.
884 2853 928 2886 47
944 2861 1052 2894 seqq,
1079 2854 1152 2883 tum
1180 2856 1270 2891 quae
1297 2854 1408 2889 supra
1435 2843 1479 2878 de
1506 2843 1613 2878 Pseu-

96 2913 381 2950 doaristotelicis
407 2915 568 2959 exposui

1235 2968 1263 3009 4
