1898 3291
108 305 317 363 Euripidi
336 306 388 361 ¹),
434 305 713 362 potissimum
756 309 904 350 autem
936 306 1114 350 Timaeo
1148 307 1258 350 hanc
1289 307 1532 364 opinionem
1565 306 1618 349 do

108 377 278 436 triplici
307 378 442 422 fluvio
475 378 649 422 tribuit.

277 450 366 494 Sed
397 452 536 494 verba
566 451 730 495 Avieni
760 450 870 494 nihil
902 451 957 494 ad
989 467 1095 495 rem.
1158 451 1210 494 In
1242 452 1308 494 his
1341 452 1452 493 enim

1176 539 1375 576 „rursum
1408 523 1558 566 efflans

277 593 562 651 Arctansque
595 609 691 638 sese
722 594 947 636 fluminum
979 594 1034 637 ad
1067 596 1265 647 formam,
1299 595 1453 638 dehinc

277 663 535 710 Atlanticos
568 666 613 709 in
643 666 862 722 gurgites,
896 670 1098 710 nostrum
1129 667 1173 709 in
1204 682 1324 709 marc

278 737 341 780 Et
374 737 642 782 occidentem
675 742 899 792 contuens,
934 738 1200 791 evolvitiii·“,

106 809 338 853 haeremus
387 809 433 852 in
475 811 701 868 particula
731 811 827 863 et2).
902 811 996 853 lam
1039 811 1077 853 si
1117 811 1169 853 de
1201 810 1369 867 triplici
1412 810 1480 853 vel
1527 810 1616 866 qui-

108 880 206 924 dem
249 880 303 924 de
343 881 508 938 duplici
550 882 741 924 fluminis
785 898 917 925 cursu
949 885 1180 938 ageretur,
1222 881 1486 938 particulam
1520 885 1619 937 post

103 954 292 1008 yur-yites
328 954 571 1010 flagitares
626 955 873 998 Etiamtum
909 970 981 997 res
1013 954 1203 996 nondum
1224 953 1269 995 in
1300 956 1454 1009 aperto
1487 956 1616 996 essct.

106 1025 460 1069 Muellenhoffius
478 1025 510 1081 ³)
539 1027 664 1078 enim,
698 1042 854 1070 versus
879 1028 994 1069 Orac
1010 1026 1262 1068 Maritimae
1280 1027 1334 1068 55
1352 1041 1439 1081 seq.
1458 1026 1511 1067 83
1530 1041 1617 1081 seq.

107 1099 191 1142 393
209 1113 328 1156 seqq.
362 1098 606 1151 conferens,
640 1099 860 1142 Avienum
889 1113 1011 1141 mare
1042 1098 1266 1141 internum
1296 1113 1376 1153 pro
1409 1096 1506 1138 sinu
1537 1097 1620 1139 At-

107 1170 266 1214 lantici
296 1170 460 1213 habere
491 1170 669 1214 statuit.
745 1171 952 1226 Denegat
991 1169 1131 1225 igitur
1172 1168 1242 1211 vir
1287 1168 1439 1210 doctus
1485 1167 1619 1209 ullam

110 1242 283 1284 omnino
313 1242 569 1285 memoriam
599 1243 652 1286 de
684 1242 898 1285 Rhodano
942 1242 988 1284 in
1033 1241 1117 1283 duo
1164 1240 1305 1283 maria
1336 1254 1471 1296 aquas
1504 1240 1620 1283 evol-

109 1317 243 1357 vente
274 1313 344 1356 hic
375 1316 567 1356 exstare.
637 1315 749 1356 Rem
789 1313 976 1370 amplius
1018 1313 1251 1355 illustrare
1292 1327 1469 1368 nequeo.
1535 1311 1622 1353 Sed

109 1384 326 1428 infirmius
371 1384 451 1428 hoc
493 1401 589 1428 esse
635 1386 969 1428 fundamentum
1002 1387 1190 1441 apparet
1229 1398 1357 1440 quam
1388 1398 1471 1439 quo
1515 1382 1624 1425 freti

111 1456 168 1499 ad
208 1457 483 1500 Hecataeum
513 1456 659 1499 Rheni
690 1461 735 1500 et
779 1456 971 1513 triplicis
1013 1455 1137 1499 fluvii
1178 1454 1470 1511 cognitionem
1512 1453 1624 1496 refe—

107 1543 271 1571 ramus.

828 1696 909 1741 vl.

684 1812 758 1854 DE
791 1812 1057 1854 APSYRTO.

230 1933 457 1988 Quomodo
490 1930 756 1989 Apollonius
800 1930 912 1972 hane
942 1928 1129 1985 primam
1160 1926 1332 1970 reditus
1363 1924 1628 1982 particulam

114 2005 413 2064 composuerit
435 2009 480 2048 et
505 2003 770 2061 depinxerit,
803 2001 918 2059 quod
940 2001 995 2043 ad
1015 2016 1086 2043 res
1106 1997 1425 2056 geographicas
1449 1996 1625 2047 attinet,

112 2079 201 2123 iam
231 2078 342 2122 satis
375 2080 623 2121 tractatum
646 2078 727 2119 est.
776 2076 942 2118 Restat
964 2075 1112 2117 autem
1134 2074 1370 2127 antequam
1391 2069 1446 2112 ad
1467 2083 1626 2110 novum

114 2150 416 2210 procedimus,
460 2152 512 2193 ut
557 2148 691 2191 aliam
739 2146 1042 2205 quaestionem
1074 2159 1184 2202 quae
1216 2142 1349 2186 etiam
1378 2141 1460 2183 huc
1490 2139 1626 2196 perti-

115 2227 206 2277 net,
239 2223 292 2266 de
322 2222 530 2279 Apsyrto
562 2220 743 2280 Medeae
774 2220 920 2262 fratre
954 2217 1028 2275 qui
1049 2217 1336 2272 Argonautas
1369 2214 1626 2270 persecutus

115 2312 166 2340 ac
203 2295 390 2352 denique
426 2293 527 2337 dolo
565 2292 732 2336 occisus
765 2294 846 2346 est,
883 2290 1182 2333 instituamus.
1232 2287 1299 2329 Ac
1323 2285 1509 2342 primum
1536 2282 1627 2339 qui—

116 2367 214 2411 dem
255 2381 338 2424 par
379 2368 449 2409 est
488 2364 740 2422 inquirere,
789 2361 1002 2421 quomodo
1044 2358 1308 2417 Apollonius
1354 2357 1464 2398 hanc
1505 2355 1626 2396 fabu-

114 2439 205 2482 lam
234 2438 280 2482 in
310 2440 567 2482 contextum
590 2451 694 2479 suae
717 2434 992 2478 narrationis
1023 2431 1276 2483 inseruerit,
1310 2432 1402 2472 tum
1426 2444 1507 2484 quo
1532 2442 1627 2468 con-

118 2512 218 2556 silio
261 2510 420 2554 ductus
459 2509 542 2552 hac
583 2509 629 2551 in
664 2510 796 2565 parte
827 2522 921 2550 rem
952 2503 1200 2549 novaverit.
1261 2500 1456 2542 Primum
1488 2497 1626 2554 igitur

120 2599 231 2642 quae
263 2584 316 2628 de
347 2583 556 2640 Apsyrto
588 2583 778 2624 narrata
809 2582 913 2622 sunt
949 2576 1099 2635 paucis
1130 2573 1409 2632 percensebo

215 2718 249 2763 1)
275 2717 331 2753 Ne
355 2717 446 2753 talia
470 2717 515 2753 de
541 2715 719 2761 Aeschylo
739 2718 774 2749 et
787 2711 964 2757 Euripide
991 2709 1128 2752 credas,
1156 2706 1265 2743 adeas
1292 2714 1423 2749 quaeso
1450 2700 1629 2736 Knaackii

124 2779 267 2826 Quaest.
293 2779 445 2814 Phaeth.
472 2789 554 2823 pag.
582 2780 635 2814 17.

214 2841 252 2886 2)
279 2839 330 2875 Cf.
358 2842 400 2875 A.
428 2840 547 2886 Sonny
574 2840 616 2875 de
642 2836 934 2874 Massiliensimn
958 2834 1063 2869 rebus
1090 2829 1313 2876 quaestiones
1339 2837 1372 2871 p.
1399 2827 1453 2860 61.

216 2903 253 2948 3)
279 2901 302 2936 1.
329 2912 358 2937 0.
389 2904 456 2938 196
482 2913 567 2947 seq„
597 2903 674 2937 194.
