1839 3265
805 194 1091 238 -48-..

192 317 342 371 ginno>-
377 313 513 356 lmbiti
538 315 576 354 ¹).
640 316 760 365 Quae
794 312 911 353 fama
951 311 989 354 si
1031 311 1165 367 vulgo
1208 310 1606 354 circumferebatur
1635 323 1708 354 ne-

193 404 273 442 «μιν
300 390 423 427 ‹wi-ta
448 386 638 427 lomi-um
663 384 919 439 viarumque
943 382 1196 438 cognitione
1217 382 1462 432 nitebatur,
1495 379 1706 423 facillime

194 458 436 514 opinionem
479 457 530 498 (le
573 456 636 497 liis
682 454 934 509 1·‹=gi‹,›nil›us
976 453 1109 496 fluvio
1147 453 1372 510 percursis
1406 452 1710 496 confirmabat.

311 529 396 570 lam
431 527 617 579 vidimus¹
652 525 825 567 saeculo
858 527 962 567 autc
991 524 1220 568 Christum
1253 527 1414 582 quarto
1447 527 1567 566 teste
1600 521 1709 578 Scy-

191 599 282 640 lace
328 614 480 640 nomen
520 597 666 653 gentis
716 601 760 638 et
802 595 925 638 fluvii
966 595 1120 638 intimo
1154 595 1324 638 Adriae
1366 594 1465 637 sinu
1508 609 1603 637 cum
1634 609 1709 637 no-

192 671 303 712 minc
339 669 482 711 Histri
530 667 647 710 lluvii
695 666 889 722 ingentis
933 681 1180 722 congruens
1225 665 1470 709 exstitisse.
1545 664 1710 708 Procul

191 741 318 783 (lubio
362 744 567 783 neutrum
611 739 752 796 primo
800 740 853 781 ab
898 738 1043 781 altero
1084 737 1307 794 pendebat
1350 737 1428 780 scd
1470 739 1709 793 utrumque

191 828 268 853 ¹suo
301 812 395 853 iuro
429 811 741 867 usurpabatur.
805 809 892 862 Qui
922 809 1092 866 primus
1134 809 1296 851 flumen
1333 824 1414 866 per
1446 809 1710 852 Histrorum

190 885 295 925 fines
329 882 373 924 in
405 882 591 923 Adriam
633 881 818 923 influens
860 896 942 937 pro
985 880 1189 923 bracchio
1231 880 1382 936 magni
1422 879 1562 923 amnis
1594 880 1708 924 Pon-

189 958 281 996 tum
313 953 531 995 Euxinum
572 952 766 1009 petentis
810 951 1039 1004 habuerit,
1084 951 1305 994 traditum
1348 967 1436 995 non
1475 956 1557 996 est.
1620 950 1710 995 Sed

188 1026 374 1068 vidimus
409 1024 563 1082 quibus
597 1023 738 1066 causis
768 1022 1046 1066 Aristoteles
1078 1022 1192 1065 hunc
1230 1038 1430 1066 errorem
1461 1021 1706 1079 receperit:

189 1097 344 1139 scimus
380 1096 705 1152 Theopompum
744 1110 914 1151 quoque
956 1094 1063 1136 haee
1095 1093 1338 1137 credidisse
1353 1095 1395 1149 2).
1457 1093 1561 1137 Mox
1594 1093 1708 1136 alius

190 1169 383 1224 scriptor
416 1167 560 1210 nescio
603 1167 760 1223 quibus
801 1166 1077 1223 temporibus
1110 1165 1292 1209 exstitit
1323 1165 1399 1222 qui
1429 1181 1524 1209 rem
1555 1179 1608 1208 ea
1637 1179 1708 1208 ra·

188 1241 307 1283 tione
340 1240 523 1283 novavit
555 1243 606 1282 ut
637 1239 762 1281 illum
793 1239 1045 1281 fabulosum
1074 1238 1249 1281 Iasonis
1280 1238 1477 1282 reditum
1507 1237 1591 1280 huc
1621 1237 1707 1280 col-

185 1312 367 1354 locaret.
428 1311 580 1367 Magni
622 1316 691 1353 est
732 1310 848 1367 quod
887 1310 1154 1367 Apollonius
1200 1310 1277 1367 qui
1319 1298 1464 1354 totam
1508 1309 1706 1352 fabulam

187 1383 389 1425 versibus
435 1382 679 1439 expressit,
720 1382 835 1424 idem
877 1381 1097 1424 narravit.
1192 1382 1288 1434 Quo
1329 1381 1499 1425 factum
1539 1386 1610 1425 est
1654 1385 1706 1426 ut

188 1455 293 1498 haec
314 1453 651 1496 narratiuncula
674 1453 726 1496 de
744 1453 904 1496 Histro
931 1454 1048 1510 apud
1069 1453 1346 1510 posteriores
1367 1454 1465 1496 fere
1488 1468 1662 1510 semper
1674 1452 1704 1506 3)

187 1541 282 1568 cum
313 1525 393 1567 hac
417 1524 569 1567 fabula
591 1525 823 1567 coniuncta
845 1525 1225 1568 circumferretur.
1289 1524 1398 1567 Cum
1426 1524 1570 1581 igitur
1600 1524 1708 1569 haee

187 1599 270 1641 duo
303 1598 430 1656 quasi
459 1596 779 1652 inseparabilia
811 1599 857 1639 et
887 1595 1118 1638 individua
1148 1595 1323 1648 fierent,
1357 1595 1420 1638 sic
1451 1594 1628 1652 quidem
1655 1598 1708 1639 ut

187 1685 318 1712 unum
349 1669 577 1711 rarissime
608 1669 662 1710 ab
695 1667 840 1710 altero
864 1667 1111 1710 seiunctum
1141 1669 1576 1720 commemoraretur,
1607 1681 1709 1723 pro-

189 1741 305 1784 fecto
337 1756 423 1783 non
453 1740 663 1782 miramur
697 1738 813 1796 quod
843 1739 1015 1781 Plinius
1048 1754 1142 1781 rem
1183 1739 1245 1781 sic
1277 1738 1509 1781 declarare
1539 1737 1707 1781 voluit:

186 1814 371 1865 deceptos
403 1813 532 1866 credo,
572 1813 765 1865 quoniam
796 1812 914 1865 Aryo
945 1812 1067 1852 navis
1094 1811 1265 1862 flumine
1294 1811 1340 1851 in
1370 1824 1485 1853 mare
1514 1808 1708 1852 Adriati-

186 1899 276 1926 cum
317 1885 524 1926 descendit
566 1897 653 1924 *non
690 1884 839 1935 procul
888 1883 1089 1936 Teryeste.
1194 1881 1283 1924 Sed
1327 1881 1436 1924 haec
1481 1881 1703 1925 conclusio

187 1971 306 1998 more
338 1960 540 1998 veterum
569 1956 691 1997 facta
722 1954 840 1997 haud
870 1954 1101 2011 probanda
1131 1956 1212 1996 est.
1276 1952 1422 1995 Causa
1449 1953 1564 1996 enim
1587 1968 1709 1996 erro-

186 2028 249 2069 ris
282 2027 334 2070 de
365 2027 568 2069 Danuvio
602 2027 736 2069 etiam
767 2026 812 2068 in
844 2026 1035 2068 Adriam
1072 2025 1367 2076 descendente
1396 2039 1478 2081 per
1510 2024 1708 2068 fabulam

186 2098 535 2154 Argonauticam
576 2098 750 2140 minime
796 2097 1057 2154 explicanda
1101 2099 1189 2149 est,
1235 2095 1314 2139 sed
1353 2098 1512 2139 contra
1541 2096 1706 2152 potius.

186 2171 300 2213 Nam
329 2171 453 2226 prior
486 2173 555 2212 est
586 2169 655 2212 hic
688 2185 816 2213 error
849 2169 901 2212 de
932 2169 1131 2211 locorum
1162 2170 1350 2211 natura:
1399 2182 1484 2224 quo
1517 2167 1604 2210 iam
1637 2182 1705 2210 ac-

187 2246 312 2296 cepto
355 2257 455 2283 mox
501 2244 604 2283 orta
647 2245 716 2283 est
757 2240 903 2296 opinio
947 2240 1000 2282 de
1031 2240 1403 2296 Argonautarum
1443 2240 1596 2284 reditu
1625 2256 1707 2298 per

187 2313 295 2354 lianc
327 2314 443 2355 viam
475 2314 645 2356 effecto.

302 2385 367 2427 Ut
405 2385 491 2426 iam
531 2385 637 2428 hacc
681 2385 732 2428 de
764 2385 924 2428 Histro
965 2385 1011 2427 in
1041 2385 1232 2428 Adriani
1274 2385 1489 2428 influente
1529 2400 1610 2442 per
1653 2384 1710 2427 si-

189 2456 480 2500 militudinem
519 2457 705 2500 nominis
748 2461 933 2501 evocata
974 2463 1079 2501 sunt
1120 2462 1166 2501 et
1205 2473 1286 2515 per
1327 2457 1608 2500 inscientiam
1639 2472 1708 2500 re-

186 2528 362 2584 gionum
387 2529 461 2571 diu
483 2528 763 2583 fovebantur,
799 2530 861 2572 sic
892 2545 1022 2573 error
1053 2532 1148 2572 tum
1177 2529 1367 2586 primum
1399 2528 1605 2572 sublatus
1637 2531 1708 2572 est

283 2665 315 2708 1)
345 2664 395 2699 Cf.
427 2664 678 2709 Brehmerum,
717 2666 1001 2712 Entcleckmzyen
1025 2668 1075 2701 im
1105 2667 1308 2703 Alte—rthum
1347 2667 1364 2701 1
1385 2668 1421 2711 2,
1439 2669 1509 2702 406
1522 2677 1619 2712 seqq.
1646 2666 1708 2712 qui

189 2735 262 2760 rem
288 2725 480 2769 diligenter
507 2727 719 2770 exploravit.

283 2787 318 2830 2)
346 2786 394 2821 Cf.
417 2787 611 2832 Bergerum
637 2799 717 2833 pag.
733 2791 800 2824 347
828 2791 887 2834 qui
905 2791 982 2827 iure
1009 2791 1161 2835 dubitat,
1188 2802 1271 2826 num
1286 2791 1552 2828 Eratosthenes
1580 2791 1616 2826 in
1641 2800 1707 2826 nu-

188 2857 283 2882 mero
309 2849 458 2883 istorum
484 2849 604 2884 fuerit.

282 2909 317 2954 3)
343 2909 434 2945 Vide
460 2916 578 2946 autem
604 2911 853 2957 Hipparchum
879 2913 975 2958 apud
1001 2913 1215 2950 Strabonem
1242 2913 1258 2947 I
1284 2915 1344 2950 57.
