<?xml version="1.0" encoding="UTF-8"?>
<!DOCTYPE html PUBLIC "-//W3C//DTD XHTML 1.0 Transitional//EN"
    "http://www.w3.org/TR/xhtml1/DTD/xhtml1-transitional.dtd">
<html xmlns="http://www.w3.org/1999/xhtml" xml:lang="en" lang="en">
 <head>
  <title>
</title>
<meta http-equiv="Content-Type" content="text/html;charset=utf-8" />
  <meta name='ocr-system' content='tesseract 3.04.00' />
  <meta name='ocr-capabilities' content='ocr_page ocr_carea ocr_par ocr_line ocrx_word'/>
</head>
<body>
  <div class='ocr_page' id='page_1' title='image "./deargonautarumre00fitc_0069.png"; bbox 0 0 1898 3291; ppageno 0'>
   <div class='ocr_carea' id='block_1_1' title="bbox 747 173 1063 216">
    <p class='ocr_par' dir='ltr' id='par_1_1' title="bbox 747 173 1063 216">
     <span class='ocr_line' id='line_1_1' title="bbox 747 173 1063 216; baseline 0.016 -3"><span class='ocrx_word' id='word_1_1' title='bbox 747 197 801 203; x_wconf 66' lang='lat'>—</span> <span class='ocrx_word' id='word_1_2' title='bbox 863 173 917 216; x_wconf 72' lang='lat'>(55</span> <span class='ocrx_word' id='word_1_3' title='bbox 977 178 1063 206; x_wconf 91' lang='grc'>-·</span> 
     </span>
    </p>
   </div>
   <div class='ocr_carea' id='block_1_2' title="bbox 127 283 1690 2983">
    <p class='ocr_par' dir='ltr' id='par_1_2' title="bbox 127 283 1690 2983">
     <span class='ocr_line' id='line_1_2' title="bbox 132 283 1648 345; baseline 0.006 -18"><span class='ocrx_word' id='word_1_4' title='bbox 132 285 230 330; x_wconf 78' lang='lat' dir='ltr'>tate</span> <span class='ocrx_word' id='word_1_5' title='bbox 247 283 435 328; x_wconf 88' lang='lat' dir='ltr'>Arriani</span> <span class='ocrx_word' id='word_1_6' title='bbox 467 283 634 341; x_wconf 88' lang='lat' dir='ltr'>Peripl.</span> <span class='ocrx_word' id='word_1_7' title='bbox 663 285 794 329; x_wconf 84' lang='lat' dir='ltr'>l&#39;ont.</span> <span class='ocrx_word' id='word_1_8' title='bbox 819 287 931 330; x_wconf 82' lang='lat' dir='ltr'>Eux.</span> <span class='ocrx_word' id='word_1_9' title='bbox 965 306 997 331; x_wconf 74' lang='lat' dir='ltr'>c.</span> <span class='ocrx_word' id='word_1_10' title='bbox 1023 289 1047 329; x_wconf 88' lang='grc'>7</span> <span class='ocrx_word' id='word_1_11' title='bbox 1080 290 1354 345; x_wconf 83' lang='lat' dir='ltr'>potissimum</span> <span class='ocrx_word' id='word_1_12' title='bbox 1387 293 1437 334; x_wconf 90' lang='lat' dir='ltr'>ut</span> <span class='ocrx_word' id='word_1_13' title='bbox 1470 291 1648 336; x_wconf 83' lang='lat' dir='ltr'>videtur</span> 
     </span>
     <span class='ocr_line' id='line_1_3' title="bbox 134 354 1648 419; baseline 0.005 -21"><span class='ocrx_word' id='word_1_14' title='bbox 134 354 306 400; x_wconf 83' lang='lat' dir='ltr'>ductus.</span> <span class='ocrx_word' id='word_1_15' title='bbox 369 355 390 399; x_wconf 87' lang='grc' dir='ltr'>ὁ</span> <span class='ocrx_word' id='word_1_16' title='bbox 421 357 464 398; x_wconf 82' lang='grc' dir='ltr'>δὲ</span> <span class='ocrx_word' id='word_1_17' title='bbox 483 356 679 413; x_wconf 74' lang='grc' dir='ltr'>Ἄψαρος,</span> <span class='ocrx_word' id='word_1_18' title='bbox 713 361 754 400; x_wconf 85' lang='grc' dir='ltr'>τὸ</span> <span class='ocrx_word' id='word_1_19' title='bbox 787 364 933 415; x_wconf 75' lang='grc' dir='ltr'>χωρίον</span> <span class='ocrx_word' id='word_1_20' title='bbox 965 362 1122 414; x_wconf 69' lang='grc' dir='ltr'>λέγουσι</span> <span class='ocrx_word' id='word_1_21' title='bbox 1152 361 1208 404; x_wconf 74' lang='grc' dir='ltr'>ὅτι</span> <span class='ocrx_word' id='word_1_22' title='bbox 1229 362 1430 419; x_wconf 74' lang='grc' dir='ltr'>νΛψορτος</span> <span class='ocrx_word' id='word_1_23' title='bbox 1461 363 1648 407; x_wconf 76' lang='grc' dir='ltr'>ἐκαλεῖτο</span> 
     </span>
     <span class='ocr_line' id='line_1_4' title="bbox 133 428 1646 491; baseline 0.005 -21"><span class='ocrx_word' id='word_1_24' title='bbox 133 429 260 471; x_wconf 89' lang='grc' dir='ltr'>πάλαι</span> <span class='ocrx_word' id='word_1_25' title='bbox 289 433 411 471; x_wconf 75' lang='grc' dir='ltr'>ποτέ·</span> <span class='ocrx_word' id='word_1_26' title='bbox 454 428 634 472; x_wconf 80' lang='grc' dir='ltr'>ἐνταῦθα</span> <span class='ocrx_word' id='word_1_27' title='bbox 665 433 740 485; x_wconf 81' lang='grc' dir='ltr'>γὰρ</span> <span class='ocrx_word' id='word_1_28' title='bbox 786 434 850 473; x_wconf 82' lang='grc' dir='ltr'>τὸν</span> <span class='ocrx_word' id='word_1_29' title='bbox 880 431 1080 488; x_wconf 75' lang='grc' dir='ltr'>’Ἄψυρτον</span> <span class='ocrx_word' id='word_1_30' title='bbox 1121 432 1196 476; x_wconf 71' lang='grc' dir='ltr'>ὑπὸ</span> <span class='ocrx_word' id='word_1_31' title='bbox 1227 442 1298 490; x_wconf 82' lang='grc' dir='ltr'>τῆς</span> <span class='ocrx_word' id='word_1_32' title='bbox 1331 435 1514 491; x_wconf 76' lang='grc' dir='ltr'>Μηδείας</span> <span class='ocrx_word' id='word_1_33' title='bbox 1546 436 1646 478; x_wconf 78' lang='grc' dir='ltr'>απο-</span> 
     </span>
     <span class='ocr_line' id='line_1_5' title="bbox 132 501 1647 564; baseline 0.005 -23"><span class='ocrx_word' id='word_1_34' title='bbox 132 501 299 542; x_wconf 80' lang='grc' dir='ltr'>θανεῖν·</span> <span class='ocrx_word' id='word_1_35' title='bbox 332 503 403 542; x_wconf 80' lang='grc' dir='ltr'>καὶ</span> <span class='ocrx_word' id='word_1_36' title='bbox 434 504 560 558; x_wconf 73' lang='grc' dir='ltr'>τάφος</span> <span class='ocrx_word' id='word_1_37' title='bbox 594 501 791 557; x_wconf 76' lang='grc' dir='ltr'>Ἀψὺρτου</span> <span class='ocrx_word' id='word_1_38' title='bbox 824 503 1035 545; x_wconf 72' lang='grc' dir='ltr'>δείκνυται.</span> <span class='ocrx_word' id='word_1_39' title='bbox 1096 505 1266 547; x_wconf 80' lang='grc' dir='ltr'>Ἔπειτα</span> <span class='ocrx_word' id='word_1_40' title='bbox 1299 507 1573 564; x_wconf 65' lang='grc' dir='ltr'>διαφθαρῆναι</span> <span class='ocrx_word' id='word_1_41' title='bbox 1604 511 1647 549; x_wconf 78' lang='grc' dir='ltr'>τὸ</span> 
     </span>
     <span class='ocr_line' id='line_1_6' title="bbox 131 568 1645 631; baseline 0.005 -18"><span class='ocrx_word' id='word_1_42' title='bbox 131 570 260 628; x_wconf 79' lang='grc' dir='ltr'>ὄνομα</span> <span class='ocrx_word' id='word_1_43' title='bbox 301 568 376 614; x_wconf 76' lang='grc' dir='ltr'>ὑπὸ</span> <span class='ocrx_word' id='word_1_44' title='bbox 421 579 495 613; x_wconf 85' lang='grc' dir='ltr'>τῶν</span> <span class='ocrx_word' id='word_1_45' title='bbox 538 576 749 628; x_wconf 76' lang='grc' dir='ltr'>περιοίκων</span> <span class='ocrx_word' id='word_1_46' title='bbox 796 576 1010 630; x_wconf 76' lang='grc' dir='ltr'>βαρβαρων</span> <span class='ocrx_word' id='word_1_47' title='bbox 1043 579 1234 631; x_wconf 70' lang='grc' dir='ltr'>καθάπερ</span> <span class='ocrx_word' id='word_1_48' title='bbox 1276 579 1345 618; x_wconf 74' lang='grc' dir='ltr'>καὶ</span> <span class='ocrx_word' id='word_1_49' title='bbox 1376 578 1483 619; x_wconf 76' lang='grc' dir='ltr'>ἄλλα</span> <span class='ocrx_word' id='word_1_50' title='bbox 1514 580 1645 619; x_wconf 78' lang='grc' dir='ltr'>πολλὰ</span> 
     </span>
     <span class='ocr_line' id='line_1_7' title="bbox 135 641 1650 705; baseline 0.005 -20"><span class='ocrx_word' id='word_1_51' title='bbox 135 643 393 702; x_wconf 82' lang='grc' dir='ltr'>διέφθαρται.</span> <span class='ocrx_word' id='word_1_52' title='bbox 456 643 567 686; x_wconf 88' lang='lat' dir='ltr'>Tum</span> <span class='ocrx_word' id='word_1_53' title='bbox 591 641 742 700; x_wconf 80' lang='lat' dir='ltr'>Steph.</span> <span class='ocrx_word' id='word_1_54' title='bbox 761 644 872 701; x_wconf 72' lang='lat' dir='ltr'>Byz.</span> <span class='ocrx_word' id='word_1_55' title='bbox 907 662 940 688; x_wconf 88' lang='lat' dir='ltr'>s.</span> <span class='ocrx_word' id='word_1_56' title='bbox 974 662 1013 689; x_wconf 86' lang='lat' dir='ltr'>v.</span> <span class='ocrx_word' id='word_1_57' title='bbox 1038 647 1293 705; x_wconf 65' lang='grc' dir='ltr'>Ἀψυρτίδες·</span> <span class='ocrx_word' id='word_1_58' title='bbox 1326 649 1408 691; x_wconf 83' lang='grc' dir='ltr'>ἔστι</span> <span class='ocrx_word' id='word_1_59' title='bbox 1439 653 1507 691; x_wconf 74' lang='grc' dir='ltr'>καὶ</span> <span class='ocrx_word' id='word_1_60' title='bbox 1529 654 1650 698; x_wconf 78' lang='grc' dir='ltr'>τόπος</span> 
     </span>
     <span class='ocr_line' id='line_1_8' title="bbox 133 714 1650 778; baseline 0.004 -20"><span class='ocrx_word' id='word_1_61' title='bbox 133 714 174 759; x_wconf 82' lang='grc' dir='ltr'>ὲν</span> <span class='ocrx_word' id='word_1_62' title='bbox 215 723 270 772; x_wconf 85' lang='grc' dir='ltr'>τῷ</span> <span class='ocrx_word' id='word_1_63' title='bbox 314 714 490 772; x_wconf 76' lang='grc' dir='ltr'>Εὗξείνῳ</span> <span class='ocrx_word' id='word_1_64' title='bbox 534 720 665 772; x_wconf 83' lang='grc' dir='ltr'>πόντῳ</span> <span class='ocrx_word' id='word_1_65' title='bbox 696 716 908 773; x_wconf 71' lang='grc' dir='ltr'>Ἄψαρος,</span> <span class='ocrx_word' id='word_1_66' title='bbox 948 717 1150 774; x_wconf 72' lang='grc' dir='ltr'>’Ἄψυρτος</span> <span class='ocrx_word' id='word_1_67' title='bbox 1190 725 1378 776; x_wconf 79' lang='grc' dir='ltr'>πρότερον</span> <span class='ocrx_word' id='word_1_68' title='bbox 1425 723 1650 778; x_wconf 76' lang='grc' dir='ltr'>λεγόμενος.</span> 
     </span>
     <span class='ocr_line' id='line_1_9' title="bbox 133 786 1650 848; baseline 0.004 -18"><span class='ocrx_word' id='word_1_69' title='bbox 133 786 304 840; x_wconf 78' lang='lat' dir='ltr'><strong>Quibus</strong></span> <span class='ocrx_word' id='word_1_70' title='bbox 334 787 606 832; x_wconf 72' lang='lat' dir='ltr'><strong>testimoniis</strong></span> <span class='ocrx_word' id='word_1_71' title='bbox 653 788 691 831; x_wconf 89' lang='lat' dir='ltr'>si</span> <span class='ocrx_word' id='word_1_72' title='bbox 736 788 865 831; x_wconf 91' lang='lat' dir='ltr'>fidem</span> <span class='ocrx_word' id='word_1_73' title='bbox 909 789 1084 842; x_wconf 83' lang='lat' dir='ltr'>damus,</span> <span class='ocrx_word' id='word_1_74' title='bbox 1132 806 1287 834; x_wconf 86' lang='lat' dir='ltr'>nomen</span> <span class='ocrx_word' id='word_1_75' title='bbox 1319 792 1573 848; x_wconf 71' lang='lat' dir='ltr'>Apsyrtmn</span> <span class='ocrx_word' id='word_1_76' title='bbox 1604 797 1650 836; x_wconf 87' lang='lat' dir='ltr'>et</span> 
     </span>
     <span class='ocr_line' id='line_1_10' title="bbox 129 860 1647 917; baseline 0.002 -13"><span class='ocrx_word' id='word_1_77' title='bbox 129 863 361 905; x_wconf 86' lang='lat' dir='ltr'>vetustum</span> <span class='ocrx_word' id='word_1_78' title='bbox 403 865 449 904; x_wconf 93' lang='lat' dir='ltr'>et</span> <span class='ocrx_word' id='word_1_79' title='bbox 491 860 538 903; x_wconf 91' lang='lat' dir='ltr'>in</span> <span class='ocrx_word' id='word_1_80' title='bbox 576 861 833 917; x_wconf 79' lang='lat' dir='ltr'>regionibus</span> <span class='ocrx_word' id='word_1_81' title='bbox 873 861 1072 904; x_wconf 79' lang='lat' dir='ltr'>Ponticis</span> <span class='ocrx_word' id='word_1_82' title='bbox 1113 867 1260 906; x_wconf 88' lang='lat' dir='ltr'>ortum</span> <span class='ocrx_word' id='word_1_83' title='bbox 1304 880 1400 907; x_wconf 82' lang='lat' dir='ltr'>esse</span> <span class='ocrx_word' id='word_1_84' title='bbox 1441 864 1647 908; x_wconf 82' lang='lat' dir='ltr'>efficitur.</span> 
     </span>
     <span class='ocr_line' id='line_1_11' title="bbox 133 929 1648 991; baseline 0.002 -17"><span class='ocrx_word' id='word_1_85' title='bbox 133 929 223 979; x_wconf 83' lang='lat' dir='ltr'>Sed</span> <span class='ocrx_word' id='word_1_86' title='bbox 252 946 414 975; x_wconf 90' lang='lat' dir='ltr'>vereor</span> <span class='ocrx_word' id='word_1_87' title='bbox 443 934 496 975; x_wconf 91' lang='lat' dir='ltr'>ut</span> <span class='ocrx_word' id='word_1_88' title='bbox 526 931 633 975; x_wconf 88' lang='lat' dir='ltr'>haec</span> <span class='ocrx_word' id='word_1_89' title='bbox 665 932 903 989; x_wconf 76' lang='lat' dir='ltr'>explicatio</span> <span class='ocrx_word' id='word_1_90' title='bbox 935 934 1114 977; x_wconf 80' lang='lat' dir='ltr'>defendi</span> <span class='ocrx_word' id='word_1_91' title='bbox 1144 935 1299 991; x_wconf 88' lang='lat' dir='ltr'>possit.</span> <span class='ocrx_word' id='word_1_92' title='bbox 1360 935 1473 977; x_wconf 81' lang='lat' dir='ltr'>Nam</span> <span class='ocrx_word' id='word_1_93' title='bbox 1490 935 1648 977; x_wconf 82' lang='lat' dir='ltr'>Arria-</span> 
     </span>
     <span class='ocr_line' id='line_1_12' title="bbox 130 1003 1647 1063; baseline 0.002 -18"><span class='ocrx_word' id='word_1_94' title='bbox 130 1016 327 1046; x_wconf 81' lang='lat' dir='ltr'>nusres</span> <span class='ocrx_word' id='word_1_95' title='bbox 370 1003 479 1046; x_wconf 87' lang='lat' dir='ltr'>duas</span> <span class='ocrx_word' id='word_1_96' title='bbox 524 1003 655 1046; x_wconf 88' lang='lat' dir='ltr'>valde</span> <span class='ocrx_word' id='word_1_97' title='bbox 698 1003 935 1048; x_wconf 75' lang='lat' dir='ltr'>dissimiles</span> <span class='ocrx_word' id='word_1_98' title='bbox 981 1006 1238 1062; x_wconf 85' lang='lat' dir='ltr'>composuit.</span> <span class='ocrx_word' id='word_1_99' title='bbox 1299 1006 1442 1049; x_wconf 85' lang='lat' dir='ltr'>Multo</span> <span class='ocrx_word' id='word_1_100' title='bbox 1475 1006 1647 1063; x_wconf 84' lang='lat' dir='ltr'>quidem</span> 
     </span>
     <span class='ocr_line' id='line_1_13' title="bbox 130 1074 1646 1134; baseline 0.003 -18"><span class='ocrx_word' id='word_1_101' title='bbox 130 1074 346 1131; x_wconf 86' lang='lat' dir='ltr'>graviora</span> <span class='ocrx_word' id='word_1_102' title='bbox 377 1078 482 1119; x_wconf 89' lang='lat' dir='ltr'>sunt</span> <span class='ocrx_word' id='word_1_103' title='bbox 514 1075 620 1118; x_wconf 90' lang='lat' dir='ltr'>haec</span> <span class='ocrx_word' id='word_1_104' title='bbox 643 1075 695 1118; x_wconf 91' lang='lat' dir='ltr'>de</span> <span class='ocrx_word' id='word_1_105' title='bbox 717 1075 889 1119; x_wconf 88' lang='lat' dir='ltr'>nomine</span> <span class='ocrx_word' id='word_1_106' title='bbox 912 1091 1041 1133; x_wconf 88' lang='lat' dir='ltr'>quam</span> <span class='ocrx_word' id='word_1_107' title='bbox 1063 1077 1141 1119; x_wconf 83' lang='lat' dir='ltr'>illa</span> <span class='ocrx_word' id='word_1_108' title='bbox 1165 1077 1480 1134; x_wconf 73' lang='lat' dir='ltr'>appellationis</span> <span class='ocrx_word' id='word_1_109' title='bbox 1503 1092 1646 1120; x_wconf 85' lang='lat' dir='ltr'>causa.</span> 
     </span>
     <span class='ocr_line' id='line_1_14' title="bbox 130 1146 1648 1206; baseline 0.001 -16"><span class='ocrx_word' id='word_1_110' title='bbox 130 1146 259 1190; x_wconf 90' lang='lat' dir='ltr'>Nunc</span> <span class='ocrx_word' id='word_1_111' title='bbox 292 1148 410 1205; x_wconf 89' lang='lat' dir='ltr'>quod</span> <span class='ocrx_word' id='word_1_112' title='bbox 431 1148 487 1190; x_wconf 89' lang='lat' dir='ltr'>ad</span> <span class='ocrx_word' id='word_1_113' title='bbox 512 1148 675 1205; x_wconf 87' lang='lat' dir='ltr'>Apsari</span> <span class='ocrx_word' id='word_1_114' title='bbox 705 1163 856 1191; x_wconf 87' lang='lat' dir='ltr'>vocem</span> <span class='ocrx_word' id='word_1_115' title='bbox 888 1149 1068 1202; x_wconf 82' lang='lat' dir='ltr'>attinet,</span> <span class='ocrx_word' id='word_1_116' title='bbox 1111 1150 1227 1192; x_wconf 83' lang='lat' dir='ltr'>haud</span> <span class='ocrx_word' id='word_1_117' title='bbox 1255 1150 1433 1206; x_wconf 89' lang='lat' dir='ltr'>paulum</span> <span class='ocrx_word' id='word_1_118' title='bbox 1465 1149 1648 1192; x_wconf 79' lang='lat' dir='ltr'>adiuvat</span> 
     </span>
     <span class='ocr_line' id='line_1_15' title="bbox 133 1218 1649 1277; baseline 0 -15"><span class='ocrx_word' id='word_1_119' title='bbox 133 1218 325 1276; x_wconf 83' lang='lat' dir='ltr'>Scylax,</span> <span class='ocrx_word' id='word_1_120' title='bbox 372 1220 448 1277; x_wconf 89' lang='lat' dir='ltr'>qui</span> <span class='ocrx_word' id='word_1_121' title='bbox 477 1220 523 1262; x_wconf 91' lang='lat' dir='ltr'>in</span> <span class='ocrx_word' id='word_1_122' title='bbox 554 1219 810 1276; x_wconf 80' lang='lat' dir='ltr'>regionibus</span> <span class='ocrx_word' id='word_1_123' title='bbox 845 1219 963 1262; x_wconf 89' lang='lat' dir='ltr'>circa</span> <span class='ocrx_word' id='word_1_124' title='bbox 993 1220 1160 1262; x_wconf 85' lang='lat' dir='ltr'>Phasin</span> <span class='ocrx_word' id='word_1_125' title='bbox 1190 1220 1501 1277; x_wconf 88' lang='lat' dir='ltr'>percensendis</span> <span class='ocrx_word' id='word_1_126' title='bbox 1535 1220 1649 1263; x_wconf 86' lang='lat' dir='ltr'>idem</span> 
     </span>
     <span class='ocr_line' id='line_1_16' title="bbox 127 1291 1648 1349; baseline 0 -15"><span class='ocrx_word' id='word_1_127' title='bbox 127 1307 286 1336; x_wconf 91' lang='lat' dir='ltr'>nomen</span> <span class='ocrx_word' id='word_1_128' title='bbox 332 1292 516 1336; x_wconf 86' lang='lat' dir='ltr'>rettulit</span> <span class='ocrx_word' id='word_1_129' title='bbox 569 1307 603 1335; x_wconf 90' lang='lat' dir='ltr'>c.</span> <span class='ocrx_word' id='word_1_130' title='bbox 636 1293 691 1334; x_wconf 80' lang='lat'>80</span> <span class='ocrx_word' id='word_1_131' title='bbox 733 1291 913 1334; x_wconf 70' lang='grc' dir='ltr'>ἐνταῦθα</span> <span class='ocrx_word' id='word_1_132' title='bbox 958 1292 1038 1334; x_wconf 77' lang='grc' dir='ltr'>ἐστι</span> <span class='ocrx_word' id='word_1_133' title='bbox 1073 1291 1173 1348; x_wconf 82' lang='grc' dir='ltr'>’Ἶρις</span> <span class='ocrx_word' id='word_1_134' title='bbox 1215 1296 1423 1349; x_wconf 74' lang='grc' dir='ltr'>ποταμὸς,</span> <span class='ocrx_word' id='word_1_135' title='bbox 1463 1292 1648 1348; x_wconf 72' lang='grc' dir='ltr'>Ἄψαρος</span> 
     </span>
     <span class='ocr_line' id='line_1_17' title="bbox 130 1364 1647 1422; baseline 0 -15"><span class='ocrx_word' id='word_1_136' title='bbox 130 1368 327 1422; x_wconf 78' lang='grc' dir='ltr'>ποταμός.</span> <span class='ocrx_word' id='word_1_137' title='bbox 387 1364 619 1407; x_wconf 82' lang='lat' dir='ltr'>Exstabat·</span> <span class='ocrx_word' id='word_1_138' title='bbox 645 1364 787 1420; x_wconf 87' lang='lat' dir='ltr'>igitur</span> <span class='ocrx_word' id='word_1_139' title='bbox 809 1379 966 1407; x_wconf 88' lang='lat' dir='ltr'>nomen</span> <span class='ocrx_word' id='word_1_140' title='bbox 986 1366 1185 1420; x_wconf 81' lang='lat' dir='ltr'>Apsarus</span> <span class='ocrx_word' id='word_1_141' title='bbox 1218 1364 1304 1406; x_wconf 89' lang='lat' dir='ltr'>iam</span> <span class='ocrx_word' id='word_1_142' title='bbox 1337 1364 1509 1407; x_wconf 89' lang='lat' dir='ltr'>saeculo</span> <span class='ocrx_word' id='word_1_143' title='bbox 1543 1368 1647 1407; x_wconf 88' lang='lat' dir='ltr'>ante</span> 
     </span>
     <span class='ocr_line' id='line_1_18' title="bbox 135 1436 1648 1494; baseline -0.001 -14"><span class='ocrx_word' id='word_1_144' title='bbox 135 1436 364 1480; x_wconf 75' lang='lat' dir='ltr'>Christum</span> <span class='ocrx_word' id='word_1_145' title='bbox 407 1440 569 1494; x_wconf 81' lang='lat' dir='ltr'>quart-0</span> <span class='ocrx_word' id='word_1_146' title='bbox 615 1437 750 1479; x_wconf 80' lang='lat' dir='ltr'>fluvio</span> <span class='ocrx_word' id='word_1_147' title='bbox 794 1451 881 1479; x_wconf 90' lang='lat' dir='ltr'>non</span> <span class='ocrx_word' id='word_1_148' title='bbox 919 1436 1074 1493; x_wconf 87' lang='lat' dir='ltr'>procul</span> <span class='ocrx_word' id='word_1_149' title='bbox 1111 1450 1136 1478; x_wconf 90' lang='lat' dir='ltr'>a</span> <span class='ocrx_word' id='word_1_150' title='bbox 1169 1436 1374 1479; x_wconf 89' lang='lat' dir='ltr'>Colchide</span> <span class='ocrx_word' id='word_1_151' title='bbox 1417 1437 1648 1480; x_wconf 89' lang='lat' dir='ltr'>tributum.</span> 
     </span>
     <span class='ocr_line' id='line_1_19' title="bbox 133 1508 1651 1565; baseline 0 -15"><span class='ocrx_word' id='word_1_152' title='bbox 133 1508 257 1562; x_wconf 78' lang='lat' dir='ltr'>Quae</span> <span class='ocrx_word' id='word_1_153' title='bbox 289 1524 385 1552; x_wconf 91' lang='lat' dir='ltr'>cum</span> <span class='ocrx_word' id='word_1_154' title='bbox 415 1508 482 1552; x_wconf 91' lang='lat' dir='ltr'>ita</span> <span class='ocrx_word' id='word_1_155' title='bbox 514 1508 617 1562; x_wconf 90' lang='lat' dir='ltr'>sint,</span> <span class='ocrx_word' id='word_1_156' title='bbox 651 1508 797 1565; x_wconf 89' lang='lat' dir='ltr'>opinio</span> <span class='ocrx_word' id='word_1_157' title='bbox 829 1508 902 1551; x_wconf 74' lang='lat' dir='ltr'>vel</span> <span class='ocrx_word' id='word_1_158' title='bbox 927 1508 1116 1550; x_wconf 87' lang='lat' dir='ltr'>Arriani</span> <span class='ocrx_word' id='word_1_159' title='bbox 1147 1508 1219 1550; x_wconf 78' lang='lat' dir='ltr'>vel</span> <span class='ocrx_word' id='word_1_160' title='bbox 1248 1508 1494 1564; x_wconf 85' lang='lat' dir='ltr'>geographi</span> <span class='ocrx_word' id='word_1_161' title='bbox 1525 1523 1651 1565; x_wconf 86' lang='lat' dir='ltr'>quem</span> 
     </span>
     <span class='ocr_line' id='line_1_20' title="bbox 134 1579 1649 1637; baseline -0.001 -14"><span class='ocrx_word' id='word_1_162' title='bbox 134 1579 360 1637; x_wconf 87' lang='lat' dir='ltr'>sequitur,</span> <span class='ocrx_word' id='word_1_163' title='bbox 411 1580 485 1637; x_wconf 92' lang='lat' dir='ltr'>qui</span> <span class='ocrx_word' id='word_1_164' title='bbox 515 1583 767 1636; x_wconf 80' lang='lat' dir='ltr'>Apsyrtum</span> <span class='ocrx_word' id='word_1_165' title='bbox 809 1579 1155 1636; x_wconf 86' lang='lat' dir='ltr'>appellationem</span> <span class='ocrx_word' id='word_1_166' title='bbox 1198 1579 1389 1636; x_wconf 83' lang='lat' dir='ltr'>priscam</span> <span class='ocrx_word' id='word_1_167' title='bbox 1428 1582 1585 1635; x_wconf 86' lang='lat' dir='ltr'>postea</span> <span class='ocrx_word' id='word_1_168' title='bbox 1625 1594 1649 1621; x_wconf 89' lang='lat' dir='ltr'>a</span> 
     </span>
     <span class='ocr_line' id='line_1_21' title="bbox 132 1652 1649 1709; baseline 0.001 -15"><span class='ocrx_word' id='word_1_169' title='bbox 132 1652 338 1695; x_wconf 88' lang='lat' dir='ltr'>barbaris</span> <span class='ocrx_word' id='word_1_170' title='bbox 371 1652 418 1694; x_wconf 93' lang='lat' dir='ltr'>in</span> <span class='ocrx_word' id='word_1_171' title='bbox 448 1653 676 1709; x_wconf 88' lang='lat' dir='ltr'>Apsarum</span> <span class='ocrx_word' id='word_1_172' title='bbox 706 1655 965 1708; x_wconf 84' lang='lat' dir='ltr'>corruptam</span> <span class='ocrx_word' id='word_1_173' title='bbox 996 1667 1092 1694; x_wconf 89' lang='lat' dir='ltr'>esse</span> <span class='ocrx_word' id='word_1_174' title='bbox 1125 1656 1370 1703; x_wconf 77' lang='lat' dir='ltr'>asseverat,</span> <span class='ocrx_word' id='word_1_175' title='bbox 1403 1652 1520 1693; x_wconf 88' lang='lat' dir='ltr'>haud</span> <span class='ocrx_word' id='word_1_176' title='bbox 1549 1667 1649 1708; x_wconf 90' lang='lat' dir='ltr'>pro-</span> 
     </span>
     <span class='ocr_line' id='line_1_22' title="bbox 134 1723 1650 1780; baseline -0.002 -13"><span class='ocrx_word' id='word_1_177' title='bbox 134 1724 295 1767; x_wconf 84' lang='lat' dir='ltr'>babilis</span> <span class='ocrx_word' id='word_1_178' title='bbox 328 1724 522 1767; x_wconf 86' lang='lat' dir='ltr'>videtur.</span> <span class='ocrx_word' id='word_1_179' title='bbox 584 1725 649 1768; x_wconf 91' lang='lat' dir='ltr'>Ut</span> <span class='ocrx_word' id='word_1_180' title='bbox 681 1724 965 1767; x_wconf 82' lang='lat' dir='ltr'>concedamus</span> <span class='ocrx_word' id='word_1_181' title='bbox 994 1724 1161 1767; x_wconf 89' lang='lat' dir='ltr'>incolas</span> <span class='ocrx_word' id='word_1_182' title='bbox 1186 1723 1435 1780; x_wconf 87' lang='lat' dir='ltr'>sepulcrum</span> <span class='ocrx_word' id='word_1_183' title='bbox 1456 1723 1650 1780; x_wconf 72' lang='lat' dir='ltr'>Apsyrti</span> 
     </span>
     <span class='ocr_line' id='line_1_23' title="bbox 135 1795 1652 1853; baseline -0.002 -13"><span class='ocrx_word' id='word_1_184' title='bbox 135 1797 398 1851; x_wconf 85' lang='lat' dir='ltr'>ostendisse,</span> <span class='ocrx_word' id='word_1_185' title='bbox 444 1797 509 1840; x_wconf 89' lang='lat' dir='ltr'>ita</span> <span class='ocrx_word' id='word_1_186' title='bbox 541 1797 660 1841; x_wconf 87' lang='lat' dir='ltr'>ratio</span> <span class='ocrx_word' id='word_1_187' title='bbox 693 1797 760 1840; x_wconf 89' lang='lat' dir='ltr'>rei</span> <span class='ocrx_word' id='word_1_188' title='bbox 791 1796 1077 1853; x_wconf 82' lang='lat' dir='ltr'>explicandae</span> <span class='ocrx_word' id='word_1_189' title='bbox 1110 1810 1219 1853; x_wconf 83' lang='lat' dir='ltr'>quae</span> <span class='ocrx_word' id='word_1_190' title='bbox 1251 1795 1368 1852; x_wconf 88' lang='lat' dir='ltr'>apud</span> <span class='ocrx_word' id='word_1_191' title='bbox 1398 1800 1576 1838; x_wconf 73' lang='lat' dir='ltr'>veteres</span> <span class='ocrx_word' id='word_1_192' title='bbox 1606 1795 1652 1837; x_wconf 88' lang='lat' dir='ltr'>in</span> 
     </span>
     <span class='ocr_line' id='line_1_24' title="bbox 129 1867 1648 1924; baseline -0.002 -12"><span class='ocrx_word' id='word_1_193' title='bbox 129 1869 298 1912; x_wconf 87' lang='lat' dir='ltr'>talibus</span> <span class='ocrx_word' id='word_1_194' title='bbox 340 1869 470 1912; x_wconf 85' lang='lat' dir='ltr'>nimis</span> <span class='ocrx_word' id='word_1_195' title='bbox 503 1869 708 1913; x_wconf 88' lang='lat' dir='ltr'>credulos</span> <span class='ocrx_word' id='word_1_196' title='bbox 748 1869 930 1912; x_wconf 81' lang='lat' dir='ltr'>valebat</span> <span class='ocrx_word' id='word_1_197' title='bbox 970 1868 1145 1911; x_wconf 80' lang='lat' dir='ltr'>minime</span> <span class='ocrx_word' id='word_1_198' title='bbox 1186 1869 1418 1924; x_wconf 88' lang='lat' dir='ltr'>probatur.</span> <span class='ocrx_word' id='word_1_199' title='bbox 1482 1867 1648 1910; x_wconf 87' lang='lat' dir='ltr'>Censeo</span> 
     </span>
     <span class='ocr_line' id='line_1_25' title="bbox 135 1939 1653 1998; baseline -0.003 -14"><span class='ocrx_word' id='word_1_200' title='bbox 135 1941 279 1998; x_wconf 90' lang='lat' dir='ltr'>igitur</span> <span class='ocrx_word' id='word_1_201' title='bbox 308 1941 551 1998; x_wconf 89' lang='lat' dir='ltr'>pristinum</span> <span class='ocrx_word' id='word_1_202' title='bbox 582 1955 632 1984; x_wconf 89' lang='lat' dir='ltr'>ac</span> <span class='ocrx_word' id='word_1_203' title='bbox 663 1945 893 1984; x_wconf 77' lang='lat' dir='ltr'>vetustum</span> <span class='ocrx_word' id='word_1_204' title='bbox 922 1956 1081 1983; x_wconf 88' lang='lat' dir='ltr'>nomen</span> <span class='ocrx_word' id='word_1_205' title='bbox 1101 1943 1323 1996; x_wconf 88' lang='lat' dir='ltr'>Apsarum</span> <span class='ocrx_word' id='word_1_206' title='bbox 1353 1939 1504 1991; x_wconf 79' lang='lat' dir='ltr'>fuisse,</span> <span class='ocrx_word' id='word_1_207' title='bbox 1538 1939 1653 1995; x_wconf 84' lang='lat' dir='ltr'>quod</span> 
     </span>
     <span class='ocr_line' id='line_1_26' title="bbox 131 2011 1651 2071; baseline -0.004 -13"><span class='ocrx_word' id='word_1_208' title='bbox 131 2013 407 2071; x_wconf 86' lang='lat' dir='ltr'>temporibus</span> <span class='ocrx_word' id='word_1_209' title='bbox 451 2014 708 2057; x_wconf 88' lang='lat' dir='ltr'>recentibus</span> <span class='ocrx_word' id='word_1_210' title='bbox 752 2028 848 2056; x_wconf 87' lang='lat' dir='ltr'>cum</span> <span class='ocrx_word' id='word_1_211' title='bbox 886 2012 1040 2055; x_wconf 85' lang='lat' dir='ltr'>fabula</span> <span class='ocrx_word' id='word_1_212' title='bbox 1072 2012 1124 2054; x_wconf 90' lang='lat' dir='ltr'>de</span> <span class='ocrx_word' id='word_1_213' title='bbox 1155 2011 1351 2068; x_wconf 85' lang='lat' dir='ltr'>Apsyrti</span> <span class='ocrx_word' id='word_1_214' title='bbox 1379 2014 1523 2054; x_wconf 88' lang='lat' dir='ltr'>morte</span> <span class='ocrx_word' id='word_1_215' title='bbox 1554 2025 1651 2054; x_wconf 89' lang='lat' dir='ltr'>con-</span> 
     </span>
     <span class='ocr_line' id='line_1_27' title="bbox 131 2083 1650 2144; baseline -0.003 -15"><span class='ocrx_word' id='word_1_216' title='bbox 131 2085 415 2143; x_wconf 78' lang='lat' dir='ltr'>iungebatur.</span> <span class='ocrx_word' id='word_1_217' title='bbox 479 2086 640 2144; x_wconf 89' lang='lat' dir='ltr'>Itaque</span> <span class='ocrx_word' id='word_1_218' title='bbox 671 2086 779 2129; x_wconf 90' lang='lat' dir='ltr'>haec</span> <span class='ocrx_word' id='word_1_219' title='bbox 808 2085 973 2129; x_wconf 88' lang='lat' dir='ltr'>mentio</span> <span class='ocrx_word' id='word_1_220' title='bbox 1005 2084 1192 2128; x_wconf 89' lang='lat' dir='ltr'>nominis</span> <span class='ocrx_word' id='word_1_221' title='bbox 1225 2084 1282 2125; x_wconf 90' lang='lat' dir='ltr'>ad</span> <span class='ocrx_word' id='word_1_222' title='bbox 1311 2098 1405 2126; x_wconf 88' lang='lat' dir='ltr'>rem</span> <span class='ocrx_word' id='word_1_223' title='bbox 1426 2083 1650 2125; x_wconf 87' lang='lat' dir='ltr'>declara-n-</span> 
     </span>
     <span class='ocr_line' id='line_1_28' title="bbox 134 2155 1650 2216; baseline -0.004 -14"><span class='ocrx_word' id='word_1_224' title='bbox 134 2160 234 2203; x_wconf 86' lang='lat' dir='ltr'>dam</span> <span class='ocrx_word' id='word_1_225' title='bbox 275 2159 387 2202; x_wconf 88' lang='lat' dir='ltr'>nihil</span> <span class='ocrx_word' id='word_1_226' title='bbox 426 2159 630 2216; x_wconf 83' lang='lat' dir='ltr'>proficit‚</span> <span class='ocrx_word' id='word_1_227' title='bbox 675 2173 815 2216; x_wconf 86' lang='lat' dir='ltr'>neque</span> <span class='ocrx_word' id='word_1_228' title='bbox 856 2158 994 2200; x_wconf 87' lang='lat' dir='ltr'>ullum</span> <span class='ocrx_word' id='word_1_229' title='bbox 1039 2156 1212 2200; x_wconf 89' lang='lat' dir='ltr'>omnino</span> <span class='ocrx_word' id='word_1_230' title='bbox 1258 2155 1502 2211; x_wconf 88' lang='lat' dir='ltr'>exemplum</span> <span class='ocrx_word' id='word_1_231' title='bbox 1547 2158 1650 2197; x_wconf 91' lang='lat' dir='ltr'>ante</span> 
     </span>
     <span class='ocr_line' id='line_1_29' title="bbox 131 2226 1648 2287; baseline -0.005 -13"><span class='ocrx_word' id='word_1_232' title='bbox 131 2230 360 2287; x_wconf 89' lang='lat' dir='ltr'>Apollonii</span> <span class='ocrx_word' id='word_1_233' title='bbox 398 2234 594 2274; x_wconf 86' lang='lat' dir='ltr'>aetatem</span> <span class='ocrx_word' id='word_1_234' title='bbox 625 2230 711 2273; x_wconf 86' lang='lat' dir='ltr'>nisi</span> <span class='ocrx_word' id='word_1_235' title='bbox 743 2229 861 2287; x_wconf 86' lang='lat' dir='ltr'>apud</span> <span class='ocrx_word' id='word_1_236' title='bbox 890 2229 1229 2285; x_wconf 81' lang='lat' dir='ltr'>Lycophronem</span> <span class='ocrx_word' id='word_1_237' title='bbox 1260 2227 1428 2279; x_wconf 77' lang='lat' dir='ltr'>inveni,</span> <span class='ocrx_word' id='word_1_238' title='bbox 1471 2242 1533 2269; x_wconf 81' lang='lat' dir='ltr'>vs.</span> <span class='ocrx_word' id='word_1_239' title='bbox 1567 2226 1648 2267; x_wconf 78' lang='lat'>811</span> 
     </span>
     <span class='ocr_line' id='line_1_30' title="bbox 134 2297 1650 2360; baseline -0.005 -14"><span class='ocrx_word' id='word_1_240' title='bbox 134 2303 166 2346; x_wconf 89' lang='grc' dir='ltr'><strong>Γ</strong></span> <span class='ocrx_word' id='word_1_241' title='bbox 168 2305 377 2351; x_wconf 79' lang='grc' dir='ltr'>λαὺκωνος</span> <span class='ocrx_word' id='word_1_242' title='bbox 420 2302 632 2360; x_wconf 82' lang='grc' dir='ltr'>Ἀψὺρτοιό</span> <span class='ocrx_word' id='word_1_243' title='bbox 672 2303 699 2345; x_wconf 85' lang='grc' dir='ltr'>τ’</span> <span class='ocrx_word' id='word_1_244' title='bbox 745 2301 1014 2359; x_wconf 76' lang='grc' dir='ltr'>αὒτανεψίας·</span> <span class='ocrx_word' id='word_1_245' title='bbox 1076 2300 1241 2356; x_wconf 86' lang='lat' dir='ltr'>Agitur</span> <span class='ocrx_word' id='word_1_246' title='bbox 1283 2299 1335 2341; x_wconf 90' lang='lat' dir='ltr'>de</span> <span class='ocrx_word' id='word_1_247' title='bbox 1369 2297 1650 2354; x_wconf 84' lang='lat' dir='ltr'>Cassiphone,</span> 
     </span>
     <span class='ocr_line' id='line_1_31' title="bbox 133 2368 1648 2432; baseline -0.006 -13"><span class='ocrx_word' id='word_1_248' title='bbox 133 2375 280 2419; x_wconf 87' lang='lat' dir='ltr'>Ulixis</span> <span class='ocrx_word' id='word_1_249' title='bbox 314 2377 361 2419; x_wconf 91' lang='lat' dir='ltr'>et</span> <span class='ocrx_word' id='word_1_250' title='bbox 392 2374 542 2418; x_wconf 86' lang='lat' dir='ltr'>Circes</span> <span class='ocrx_word' id='word_1_251' title='bbox 575 2375 692 2428; x_wconf 88' lang='lat' dir='ltr'>filia,</span> <span class='ocrx_word' id='word_1_252' title='bbox 738 2389 849 2432; x_wconf 86' lang='lat' dir='ltr'>quae</span> <span class='ocrx_word' id='word_1_253' title='bbox 894 2374 1083 2417; x_wconf 88' lang='lat' dir='ltr'>fratrem</span> <span class='ocrx_word' id='word_1_254' title='bbox 1126 2370 1432 2415; x_wconf 76' lang='lat' dir='ltr'>Telemachum</span> <span class='ocrx_word' id='word_1_255' title='bbox 1478 2368 1648 2412; x_wconf 87' lang='lat' dir='ltr'>occidit.</span> 
     </span>
     <span class='ocr_line' id='line_1_32' title="bbox 132 2440 1650 2505; baseline -0.007 -14"><span class='ocrx_word' id='word_1_256' title='bbox 132 2447 405 2505; x_wconf 85' lang='lat' dir='ltr'>Cassiphone</span> <span class='ocrx_word' id='word_1_257' title='bbox 439 2462 549 2505; x_wconf 87' lang='lat' dir='ltr'>quae</span> <span class='ocrx_word' id='word_1_258' title='bbox 581 2447 729 2490; x_wconf 87' lang='lat' dir='ltr'>Solem</span> <span class='ocrx_word' id='word_1_259' title='bbox 759 2462 891 2490; x_wconf 84' lang='lat' dir='ltr'>avum</span> <span class='ocrx_word' id='word_1_260' title='bbox 921 2445 1089 2498; x_wconf 85' lang='lat' dir='ltr'>habuit,</span> <span class='ocrx_word' id='word_1_261' title='bbox 1129 2449 1198 2488; x_wconf 86' lang='lat' dir='ltr'>est</span> <span class='ocrx_word' id='word_1_262' title='bbox 1230 2442 1422 2500; x_wconf 78' lang='lat' dir='ltr'>Apsyrti</span> <span class='ocrx_word' id='word_1_263' title='bbox 1448 2444 1493 2484; x_wconf 91' lang='lat' dir='ltr'>et</span> <span class='ocrx_word' id='word_1_264' title='bbox 1516 2440 1650 2482; x_wconf 63' lang='lat' dir='ltr'>Glau÷</span> 
     </span>
     <span class='ocr_line' id='line_1_33' title="bbox 135 2511 1648 2577; baseline -0.006 -15"><span class='ocrx_word' id='word_1_265' title='bbox 135 2519 281 2573; x_wconf 90' lang='lat' dir='ltr'>conis,</span> <span class='ocrx_word' id='word_1_266' title='bbox 330 2519 405 2577; x_wconf 87' lang='lat' dir='ltr'>qui</span> <span class='ocrx_word' id='word_1_267' title='bbox 445 2519 555 2563; x_wconf 89' lang='lat' dir='ltr'>item</span> <span class='ocrx_word' id='word_1_268' title='bbox 595 2534 734 2575; x_wconf 87' lang='lat' dir='ltr'>genus</span> <span class='ocrx_word' id='word_1_269' title='bbox 767 2534 822 2561; x_wconf 82' lang='lat' dir='ltr'>ex</span> <span class='ocrx_word' id='word_1_270' title='bbox 853 2517 956 2561; x_wconf 90' lang='lat' dir='ltr'>Sole</span> <span class='ocrx_word' id='word_1_271' title='bbox 989 2516 1175 2567; x_wconf 74' lang='lat' dir='ltr'>ducunt,</span> <span class='ocrx_word' id='word_1_272' title='bbox 1220 2512 1492 2557; x_wconf 87' lang='lat' dir='ltr'>consobrina.</span> <span class='ocrx_word' id='word_1_273' title='bbox 1554 2511 1648 2553; x_wconf 87' lang='lat' dir='ltr'>Hac</span> 
     </span>
     <span class='ocr_line' id='line_1_34' title="bbox 131 2582 1690 2647; baseline -0.008 -12"><span class='ocrx_word' id='word_1_274' title='bbox 131 2590 261 2635; x_wconf 84' lang='lat' dir='ltr'>brevi</span> <span class='ocrx_word' id='word_1_275' title='bbox 299 2590 523 2634; x_wconf 88' lang='lat' dir='ltr'>mentione</span> <span class='ocrx_word' id='word_1_276' title='bbox 565 2591 688 2633; x_wconf 82' lang='lat' dir='ltr'>facta</span> <span class='ocrx_word' id='word_1_277' title='bbox 730 2592 865 2647; x_wconf 89' lang='lat' dir='ltr'>poeta</span> <span class='ocrx_word' id='word_1_278' title='bbox 909 2592 1043 2631; x_wconf 86' lang='lat' dir='ltr'>tacet.</span> <span class='ocrx_word' id='word_1_279' title='bbox 1125 2586 1213 2629; x_wconf 86' lang='lat' dir='ltr'>Sed</span> <span class='ocrx_word' id='word_1_280' title='bbox 1255 2598 1489 2628; x_wconf 84' lang='lat' dir='ltr'>consensus</span> <span class='ocrx_word' id='word_1_281' title='bbox 1530 2582 1650 2624; x_wconf 84' lang='lat' dir='ltr'>inter</span> <span class='ocrx_word' id='word_1_282' title='bbox 1687 2632 1690 2634; x_wconf 35' lang='grc'>,</span> 
     </span>
     <span class='ocr_line' id='line_1_35' title="bbox 130 2651 1648 2717; baseline -0.007 -14"><span class='ocrx_word' id='word_1_283' title='bbox 130 2659 474 2717; x_wconf 87' lang='lat' dir='ltr'>Lycophronem</span> <span class='ocrx_word' id='word_1_284' title='bbox 503 2663 549 2703; x_wconf 91' lang='lat' dir='ltr'>et</span> <span class='ocrx_word' id='word_1_285' title='bbox 572 2659 854 2716; x_wconf 90' lang='lat' dir='ltr'>Apollonium</span> <span class='ocrx_word' id='word_1_286' title='bbox 878 2657 1170 2714; x_wconf 88' lang='lat' dir='ltr'>suspicionem</span> <span class='ocrx_word' id='word_1_287' title='bbox 1201 2655 1311 2697; x_wconf 86' lang='lat' dir='ltr'>hanc</span> <span class='ocrx_word' id='word_1_288' title='bbox 1341 2652 1525 2695; x_wconf 89' lang='lat' dir='ltr'>nominis</span> <span class='ocrx_word' id='word_1_289' title='bbox 1558 2651 1648 2692; x_wconf 86' lang='lat' dir='ltr'>for-</span> 
     </span>
     <span class='ocr_line' id='line_1_36' title="bbox 130 2723 1646 2779; baseline -0.008 -4"><span class='ocrx_word' id='word_1_290' title='bbox 130 2746 245 2775; x_wconf 88' lang='lat' dir='ltr'>mam</span> <span class='ocrx_word' id='word_1_291' title='bbox 274 2731 322 2774; x_wconf 88' lang='lat' dir='ltr'>in</span> <span class='ocrx_word' id='word_1_292' title='bbox 351 2732 467 2775; x_wconf 86' lang='lat' dir='ltr'>mari</span> <span class='ocrx_word' id='word_1_293' title='bbox 497 2731 645 2775; x_wconf 87' lang='lat' dir='ltr'>Adria</span> <span class='ocrx_word' id='word_1_294' title='bbox 676 2735 823 2774; x_wconf 88' lang='lat' dir='ltr'>ortam</span> <span class='ocrx_word' id='word_1_295' title='bbox 854 2745 950 2773; x_wconf 88' lang='lat' dir='ltr'>esse</span> <span class='ocrx_word' id='word_1_296' title='bbox 981 2730 1143 2772; x_wconf 86' lang='lat' dir='ltr'>movet.</span> <span class='ocrx_word' id='word_1_297' title='bbox 1205 2727 1382 2779; x_wconf 77' lang='lat' dir='ltr'>Quanta</span> <span class='ocrx_word' id='word_1_298' title='bbox 1415 2724 1528 2767; x_wconf 84' lang='lat' dir='ltr'>enim</span> <span class='ocrx_word' id='word_1_299' title='bbox 1558 2723 1646 2778; x_wconf 75' lang='lat' dir='ltr'>Ly-</span> 
     </span>
     <span class='ocr_line' id='line_1_37' title="bbox 130 2795 1646 2861; baseline -0.008 -13"><span class='ocrx_word' id='word_1_300' title='bbox 130 2803 294 2861; x_wconf 87' lang='lat' dir='ltr'>cophro</span> <span class='ocrx_word' id='word_1_301' title='bbox 337 2803 517 2847; x_wconf 84' lang='lat' dir='ltr'>Timaeo</span> <span class='ocrx_word' id='word_1_302' title='bbox 563 2800 608 2847; x_wconf 92' lang='lat' dir='ltr'>et</span> <span class='ocrx_word' id='word_1_303' title='bbox 650 2803 751 2846; x_wconf 90' lang='lat' dir='ltr'>aliis</span> <span class='ocrx_word' id='word_1_304' title='bbox 800 2800 1094 2858; x_wconf 89' lang='lat' dir='ltr'>scriptoribus</span> <span class='ocrx_word' id='word_1_305' title='bbox 1156 2798 1229 2855; x_wconf 86' lang='lat' dir='ltr'>qui</span> <span class='ocrx_word' id='word_1_306' title='bbox 1273 2795 1551 2853; x_wconf 85' lang='lat' dir='ltr'>potissimum</span> <span class='ocrx_word' id='word_1_307' title='bbox 1593 2795 1646 2837; x_wconf 89' lang='lat' dir='ltr'>de</span> 
     </span>
     <span class='ocr_line' id='line_1_38' title="bbox 127 2868 1646 2937; baseline -0.007 -18"><span class='ocrx_word' id='word_1_308' title='bbox 127 2876 262 2920; x_wconf 89' lang='lat' dir='ltr'>rebus</span> <span class='ocrx_word' id='word_1_309' title='bbox 294 2877 342 2920; x_wconf 89' lang='lat' dir='ltr'>et</span> <span class='ocrx_word' id='word_1_310' title='bbox 371 2875 536 2919; x_wconf 83' lang='lat' dir='ltr'>fabulis</span> <span class='ocrx_word' id='word_1_311' title='bbox 564 2875 622 2919; x_wconf 92' lang='lat' dir='ltr'>ad</span> <span class='ocrx_word' id='word_1_312' title='bbox 641 2875 824 2937; x_wconf 69' lang='lat' dir='ltr'>ltaliam</span> <span class='ocrx_word' id='word_1_313' title='bbox 855 2873 1039 2917; x_wconf 87' lang='lat' dir='ltr'>Adriam</span> <span class='ocrx_word' id='word_1_314' title='bbox 1069 2885 1190 2914; x_wconf 89' lang='lat' dir='ltr'>mare</span> <span class='ocrx_word' id='word_1_315' title='bbox 1224 2868 1507 2924; x_wconf 71' lang='lat' dir='ltr'>Tyrrhenum</span> <span class='ocrx_word' id='word_1_316' title='bbox 1546 2881 1646 2923; x_wconf 86' lang='lat' dir='ltr'>per-</span> 
     </span>
     <span class='ocr_line' id='line_1_39' title="bbox 1269 2944 1295 2983; baseline 0 0"><span class='ocrx_word' id='word_1_317' title='bbox 1269 2944 1295 2983; x_wconf 83' lang='lat'>5</span> 
     </span>
    </p>
   </div>
  </div>
 </body>
</html>
