1898 3291
691 245 742 250 -->
808 221 859 262 19
922 245 976 251 -

190 333 469 392 Inquiramus
518 335 659 391 igitur
711 336 832 379 cuius
883 336 1201 379 auctoritatem
1253 333 1480 391 amplexus
1534 333 1595 377 sit

74 406 340 463 Apollonius
373 423 469 450 cum
490 407 779 463 Argonautas
802 423 883 464 per
900 407 1107 450 Histrum
1139 406 1375 449 redeuntes
1409 406 1593 447 faceret.

73 476 142 519 Ac
173 477 362 534 primum
393 477 450 520 ad
482 478 694 521 scholium
726 479 771 521 in
802 479 869 521 IV
891 479 976 520 284
1007 493 1086 520 nos
1119 478 1419 520 conferamus:
1463 475 1596 524 ουδεὶς

76 547 119 588 δὲ
151 545 300 603 ἱστορεῖ
330 548 394 589 διὰ
434 550 571 590 τουτου
618 551 710 597 τοὺς
742 549 1022 604 Ἀργοναυτας
1062 547 1390 590 εὶσπεπλευκέναι
1439 546 1495 592 εἰς
1527 548 1596 601 τὴν

78 615 276 674 ἡμετέραν
307 620 524 661 θάλασσαν
556 620 632 667 ἔξω
662 619 894 677 Τιμαγητου
928 619 958 675 ᾧ
989 619 1275 676 ἠκολουθησεν
1306 619 1600 666 Ἀπολλώνιος.

77 688 189 731 Tum
219 689 265 732 in
297 690 462 732 scholio
495 691 551 732 ad
581 691 650 734 IV
681 692 764 733 255)
808 691 927 734 ratio
970 692 1142 734 reditus
1183 691 1419 734 secundum
1453 690 1597 733 Tima-

75 763 228 817 getum
270 762 333 804 sic
373 763 633 820 exponitur:
688 764 921 822 Τιμάγητος
963 766 1005 806 δὲ
1047 763 1085 805 ἐν
1126 768 1152 805 ᾗ
1192 767 1281 820 περὶ
1321 765 1491 820 λιμένων
1532 767 1597 806 τὸν

75 835 145 889 μὲν
173 832 377 889 ἼστρονῙ)
410 837 721 892 καταφέρεσθαι
753 835 799 877 ἐκ
835 844 910 878 τῶν
941 836 1151 878 Κελτικῶν
1184 835 1309 891 ὀρῶν,
1352 835 1377 877 ἅ
1410 835 1492 878 ἐστι
1523 845 1595 894 τῆς

74 904 293 963 Κελτικῆς,
327 904 414 948 εἶτα
446 905 648 949 ἐκδιδόναι
680 905 737 955 εἰς
768 906 924 949 Κέλτον
957 909 1125 964 λίμνην,
1169 910 1271 964 μετὰ
1304 908 1347 948 δὲ
1380 914 1503 949 ταῦτα
1536 907 1593 956 εἰς

72 976 142 1018 δὺο
183 979 401 1034 σχίζεσθαι
442 980 485 1020 τὸ
527 975 660 1033 ὕδωρ,
708 980 778 1020 καὶ
820 981 862 1020 τὸ
905 981 975 1035 μὲν
1019 977 1076 1027 εἰς
1122 981 1186 1020 τὸν
1221 976 1405 1026 Εὔξεινον
1451 983 1593 1022 πόντον

19 1072 22 1076 Δ
75 1046 313 1102 εἰσβάλλειν,
346 1051 389 1091 τὸ
421 1049 464 1090 δὲ
497 1047 554 1097 εἰς
586 1053 655 1105 τὴν
688 1049 892 1106 Κελτικὴν
923 1051 1154 1099 θάλασσαν,
1188 1051 1252 1092 διὰ
1283 1051 1325 1091 δὲ
1357 1052 1496 1093 τουτου
1526 1057 1594 1093 τοῦ

75 1123 277 1176 στόματος
318 1122 486 1162 πλεῦσαι
527 1122 617 1169 τοὺς
647 1119 927 1177 Ἀργοναὺτας
969 1125 1039 1164 καὶ
1080 1121 1219 1164 ἐλθεῖν
1252 1120 1309 1170 εἰς
1341 1121 1590 1178 Τυρρηνίαν·

74 1193 382 1234 κατακολουθεῖ
425 1194 468 1233 δὲ
499 1191 606 1248 αὐτῷ
654 1196 724 1235 καὶ
755 1193 1047 1242 Ἀπολλώνιος.
1122 1193 1250 1246 Quod
1281 1194 1337 1236 ad
1370 1193 1594 1249 Timageti

73 1262 341 1306 sententiam
374 1263 565 1318 attinet,
612 1264 650 1306 si
682 1280 768 1307 una
800 1267 938 1308 verba
969 1265 1144 1309 tradita
1188 1266 1413 1317 audimus,
1464 1264 1593 1307 docet

75 1333 318 1377 scholiasta
356 1335 564 1378 Histrum
605 1335 842 1378 secundum
888 1336 1168 1392 Timagetum
1212 1352 1238 1380 a
1281 1337 1380 1381 lacu
1423 1338 1592 1381 Celtico

68 1407 293 1463 (nimirum
325 1422 464 1464 prope
496 1407 661 1463 fontes)
696 1422 742 1450 se
775 1407 1048 1451 dividentem
1080 1407 1126 1450 in
1162 1408 1355 1452 Pontum
1372 1410 1594 1452 Euxinum

69 1484 114 1523 et
136 1479 182 1523 in
202 1495 323 1523 mare
344 1477 560 1520 Celticum
584 1477 788 1520 defluere.
837 1477 955 1530 Quid
978 1478 1038 1521 sit
1060 1493 1181 1521 mare
1211 1478 1440 1534 Celticum,
1473 1495 1592 1521 mon-

68 1555 219 1595 strant
265 1552 406 1595 verba
450 1552 521 1593 καὶ
561 1549 700 1592 ἐλθεῖν
746 1548 802 1598 εἰς
836 1550 1074 1607 Τυρρηνίαν.
1148 1551 1244 1593 Hoc
1286 1550 1428 1606 igitur
1469 1564 1591 1592 mare

68 1623 180 1666 nihil
211 1622 399 1666 estnisi
445 1621 565 1664 sinus
613 1620 750 1662 maris
782 1620 951 1664 interni
980 1637 1119 1678 prope
1151 1621 1417 1674 Massiliam,
1464 1635 1592 1677 quem

70 1694 212 1737 sinum
234 1694 369 1738 etiam
386 1692 618 1750 Appianus
640 1692 670 1747 ²)
692 1692 895 1750 Κελτικὴν
919 1695 1138 1736 θάλασσαν
1165 1693 1377 1750 appellat,
1410 1692 1593 1749 plurimi

69 1769 218 1810 autem
240 1769 389 1809 κόλπον
413 1766 639 1807 Γαλατικὸν
672 1764 744 1807 vel
766 1764 926 1807 Latine
960 1765 1101 1807 sinum
1125 1765 1359 1808 Gallicum.
1419 1765 1591 1808 Nomen

71 1837 300 1880 Celtorum
341 1839 395 1879 ab
436 1836 590 1879 incolis
636 1835 763 1878 huius
807 1835 1004 1892 regionis
1052 1840 1200 1880 ortum
1232 1840 1277 1881 et
1309 1838 1465 1881 dehinc
1496 1839 1589 1881 uni-

68 1908 212 1952 versis
247 1907 393 1950 Gallis
433 1907 624 1949 inditum
669 1921 765 1949 esse
805 1907 998 1950 tradidit
1041 1908 1206 1951 Strabo
1247 1908 1320 1950 III
1353 1910 1448 1952 189.
1534 1910 1591 1955 cf.

71 1979 206 2022 etiam
236 1978 351 2022 Plin.
385 1978 439 2022 N.
475 1979 527 2020 H.
561 1977 634 2019 III
666 1977 732 2019 74.
778 1977 966 2034 Dionys.
999 1978 1173 2036 Perieg.
1208 1981 1263 2022 74
1294 1987 1339 2024 et
1371 1982 1550 2026 scholia.

182 2050 297 2093 Huic
342 2048 712 2105 interpretationi
756 2050 994 2092 verborum
1050 2052 1232 2094 obstare
1284 2052 1466 2096 videtur
1509 2053 1590 2096 illa

69 2120 341 2178 comparatio
375 2122 454 2163 sub
487 2120 617 2162 finem
653 2119 963 2176 explicationis
994 2121 1170 2166 adiecta
1210 2127 1517 2167 κατακολουθεῖ
1545 2127 1588 2167 δὲ

69 2192 175 2246 αυτῷ
207 2193 278 2232 καὶ
307 2189 598 2238 Ἀπολλώνιος.
672 2189 720 2231 Si
751 2189 864 2232 enim
898 2190 1157 2247 Timagetus
1190 2193 1394 2237 Iasonem
1426 2194 1587 2238 Histro

67 2262 227 2305 relicto
256 2262 302 2304 in
332 2276 453 2304 mare
487 2261 795 2317 Tyrrhenum,
842 2262 1109 2319 Apollonius
1142 2267 1292 2308 autem
1323 2265 1369 2307 in
1400 2265 1590 2308 Adriani

69 2331 347 2376 descendisse
389 2332 610 2386 tradidit,
659 2332 733 2389 qui
775 2332 955 2375 tandem
999 2334 1084 2377 dici
1123 2338 1276 2392 potest
1309 2337 1590 2394 Timagetum

67 2403 298 2460 Apollonii
320 2403 471 2446 ducem
494 2402 666 2446 fuisse?
699 2403 841 2456 Quam
864 2404 1172 2449 difficultatem
1189 2408 1542 2452 Muellenhoffius
1557 2410 1588 2465 3)

66 2475 307 2531 respiciens
340 2475 531 2517 alteram
564 2474 679 2517 viam
715 2474 944 2531 ingressus
978 2481 1059 2530 est,
1093 2493 1189 2521 cum
1219 2480 1395 2523 nomina
1432 2482 1589 2524 Κέλτον

68 2545 270 2603 Κελτικήν
300 2561 382 2603 pro
415 2546 684 2603 corruptelis
718 2546 962 2590 damnaret.
1026 2548 1169 2592 Credo
1202 2554 1352 2595 tamen
1382 2552 1462 2595 hoc
1493 2568 1590 2595 cum

66 2616 145 2660 illo
187 2633 275 2660 non
317 2617 384 2660 ita
426 2631 626 2673 pugnare
668 2621 718 2660 ut
763 2617 957 2660 alterum
999 2622 1150 2663 utrum
1195 2622 1469 2666 abiciendum
1512 2623 1587 2669 sit.

66 2687 265 2731 Primum
308 2689 422 2733 enim
453 2690 662 2734 observes
696 2703 857 2746 quaeso
889 2690 935 2733 in
966 2691 1131 2736 scholio
1175 2694 1232 2736 ad
1261 2695 1330 2739 IV
1361 2696 1446 2738 284
1476 2695 1588 2737 nihil

161 2833 198 2879 1)
223 2833 276 2869 sic
301 2833 421 2870 Flor.:
449 2833 551 2870 Φᾶσιν
577 2835 687 2873 Laur.

161 2894 200 2939 2)
225 2893 351 2930 Mithr.
377 2895 434 2930 95.

161 2957 198 3001 3)
223 2955 403 2991 Deutsehe
426 2956 744 2994 Altertumskumle
768 2960 785 2994 Ι
811 2962 890 2995 431.

1244 3024 1305 3066 2*
