1898 3291
725 173 1058 231 -57-‘

105 304 278 348 Dianae
309 318 480 347 sacram
512 303 674 347 allecto
715 304 887 347 Iasonis
927 321 1056 348 manu
1088 308 1390 350 conficiuntur.
1452 308 1517 351 D(-
1556 326 1619 352 se—

106 361 292 431 pultura
321 372 484 416 ibidem
515 374 636 416 facta
668 377 801 430 poeta
831 374 936 418 haec
968 375 1113 418 addit:
1157 377 1347 433 -ffloqu,

228 491 232 497 ,
281 444 399 502 ὑγρὸν
433 446 466 488 δ’
501 445 540 488 ἐν
571 450 668 503 γαίῃ
700 450 847 504 κρὺψεν
880 451 1008 497 νέκυν,
1042 448 1125 490 ἐνθ’
1161 451 1214 491 ἔτι
1245 457 1307 490 νῦν
1341 466 1412 505 περ

280 521 438 561 κείαται
470 517 590 561 ὀστέα
622 527 735 561 κεῖνα
767 520 851 576 μετ’
886 520 1072 576 ἀνδράσιν
1105 520 1372 577 ’Λψυρτεῠσιψ

108 590 261 634 Colchi
305 594 453 634 autem
498 591 605 633 (1000
649 591 810 635 amisso
843 596 1089 635 metuentes
1124 593 1216 635 sine
1249 594 1402 636 Medea
1433 594 1487 635 ad
1511 595 1620 635 Αυυ-

104 665 196 705 tem
230 661 402 714 redire,
450 661 496 703 in
532 662 745 718 proximis
784 663 941 705 insulis
986 666 1030 705 et
1062 663 1152 706 oris
1184 663 1372 719 Illyriae
1405 680 1518 707 nova
1549 664 1620 705 do-

104 732 270 776 mici-lia
311 733 604 777 constituunt.
678 734 904 777 Attendas
948 750 1108 791 quaeso
1150 738 1306 791 poetae
1351 736 1446 792 ipsa
1487 737 1620 778 verba

106 805 182 863 qui
226 805 392 848 incolas
439 805 687 848 insularum
732 822 887 849 nomen
931 807 1128 863 Apsyrti
1184 808 1402 863 accepisse
1448 811 1618 850 monet:

105 877 191 920 514
222 893 310 935 seq.

282 948 318 992 οἱ
350 953 422 1006 μὲν
455 949 517 992 ἐπ’
551 949 711 992 αὐτάων
742 955 873 1007 νήσων
905 952 1014 1006 ἔβαν,
1046 952 1136 1008 ᾖσιν
1168 951 1336 1007 ἐπέσχον

280 1022 427 1080 ἥρωες,
460 1027 611 1065 ναίουσι
645 1023 678 1064 δ’
713 1022 910 1080 ἐπώνυμοι
943 1023 1172 1079 Ἀψὺρτοιο.

106 1094 308 1151 Denique
349 1095 418 1151 (ut
448 1094 559 1136 nihil
591 1095 812 1148 omittam)
859 1096 939 1138 hoc
981 1096 1104 1139 nefas
1150 1096 1319 1138 Iasonis
1353 1098 1397 1138 et
1429 1095 1620 1146 1110110110,

105 1166 152 1209 in
173 1166 428 1223 Apsyrtum
450 1167 737 1221 commissum,
772 1168 816 1209 in
848 1182 980 1210 eausa
1010 1171 1079 1211 est
1108 1183 1185 1210 cur
1208 1168 1497 1223 Argonautae
1529 1167 1621 1208 lato

104 1239 323 1292 vagantes
356 1236 412 1279 ad
442 1237 631 1279 insulam
668 1237 832 1291 Circes,
877 1253 987 1294 quae
1020 1252 1106 1280 una
1137 1237 1350 1294 paricidio
1383 1236 1622 1279 obstrictos

110 1308 291 1365 expiare
322 1308 479 1365 possit,
514 1309 756 1365 appellant.

222 1380 318 1422 Iam
361 1382 466 1422 ante
510 1379 657 1422 oculos
700 1380 835 1422 habes
881 1394 989 1436 quae
1021 1379 1286 1435 Apollonius
1334 1379 1386 1421 de
1417 1378 1622 1434 Apsyrto

107 1452 315 1509 protulit.
376 1452 499 1504 Quae
541 1451 579 1494 si
617 1452 663 1494 in
702 1451 957 1495 universum
998 1452 1271 1508 inspexeris,
1319 1451 1364 1492 in
1403 1451 1506 1493 11000
1539 1449 1622 1491 duo

106 1524 294 1568 maxime
326 1523 518 1567 animum
549 1524 773 1567 advertes.
835 1524 949 1566 Nam
982 1524 1096 1581 quod
1117 1524 1349 1580 Apsyrtus
1382 1523 1467 1565 iam
1502 1521 1622 1564 adul-

106 1598 181 1639 tus
202 1596 470 1653 Medeaeque
502 1595 642 1639 maior
673 1598 783 1638 natu
816 1599 884 1639 est
917 1598 962 1638 et
993 1595 1039 1637 in
1060 1611 1237 1638 recessu
1271 1592 1626 1651 septemtrionali

107 1668 278 1713 Adriae
330 1668 570 1721 occiditur,
630 1669 736 1711 haec
779 1668 896 1725 apud
941 1668 1216 1725 superiores,
1276 1667 1418 1724 quoa-d
1462 1666 1619 1708 saltem

107 1741 320 1785 memoria
350 1741 610 1785 litterarum
633 1741 758 1784 nobis
781 1740 988 1783 iudicium
1009 1740 1248 1797 permittit,
1281 1754 1368 1781 non
1397 1737 1623 1793 reperiun-

108 1815 198 1856 tur.
232 1811 240 1820 ⁸
259 1812 459 1856 Primum
484 1815 555 1855 est
586 1812 643 1854 ad
680 1811 910 1854 consilium
931 1816 1090 1868 poetae
1122 1811 1167 1852 in
1197 1810 1264 1852 his
1298 1807 1621 1860 enucleandum,

107 1888 159 1929 ut
189 1885 466 1943 inquiramus
500 1885 712 1942 quomodo
744 1887 879 1941 poeta
911 1884 963 1926 de
995 1883 1202 1939 Apsyrto
1234 1881 1430 1924 fabulam
1462 1879 1621 1922 ceteris

109 1957 369 2002 intexuerit.
431 1957 532 2008 Mea
563 1957 738 2014 quidem
770 1955 1006 2008 sententia,
1041 1970 1151 2012 quae
1172 1953 1410 2010 Apollonio
1443 1950 1625 2008 propria

93 2033 215 2074 ‘sunt
257 2030 434 2073 minime
475 2031 528 2073 ab
569 2030 650 2072 hac
692 2032 823 2086 parte
871 2027 1076 2084 intellegi
1106 2029 1293 2084 possunt
1324 2024 1440 2082 quod
1469 2024 1624 2066 heroes

110 2102 167 2146 ad
208 2102 472 2160 paricidium
515 2101 780 2159 expiandum
813 2101 971 2144 Circen
1008 2103 1180 2157 petunt.
1254 2098 1367 2140 Nam
1398 2096 1497 2153 pari
1528 2095 1624 2137 iure

108 2178 243 2232 poeta
284 2175 393 2218 haec
433 2175 600 2231 fingere
632 2177 826 2232 poterat,
872 2173 911 2216 si
941 2173 1056 2216 sicut
1088 2171 1339 2229 superiores
1372 2169 1625 2225 Apsyrtum

108 2247 327 2290 infantem
357 2247 431 2290 vel
460 2262 646 2304 puerum
678 2247 724 2288 in
757 2245 964 2289 Colchide
1001 2247 1204 2288 necatum
1234 2245 1477 2284 narrasset.
1538 2239 1623 2281 Ne-

111 2335 193 2377 que
224 2319 341 2376 quod
371 2319 606 2376 Apsyrtus
653 2319 811 2375 auriga
842 2332 1071 2374 comesque
1101 2315 1244 2373 patris
1276 2313 1501 2356 inducitur
1532 2326 1624 2353 rem

111 2391 312 2436 declarat
344 2395 389 2435 et
421 2391 629 2448 explicat.
690 2392 786 2434 Hoc
817 2405 996 2432 munere
1029 2404 1133 2432 sane
1165 2388 1341 2429 functus
1365 2387 1432 2427 est
1455 2384 1624 2426 Aeetae

110 2463 253 2506 filius:
300 2467 450 2507 tamen
490 2463 557 2507 ita
599 2479 693 2507 rem
731 2479 821 2506 non
849 2461 1124 2518 attingimus.
1187 2457 1302 2512 Quid
1333 2456 1509 2499 tandem
1541 2453 1625 2495 sibi

110 2535 210 2579 vult
240 2535 328 2579 iste
359 2535 519 2592 auriga
551 2535 626 2593 qui
656 2539 832 2579 tantum
863 2536 1230 2577 commemoratur
1260 2544 1397 2585 neque
1426 2527 1471 2568 in
1492 2527 1622 2568 rebus

111 2605 390 2649 conficiendis
418 2605 656 2663 quidquam
678 2604 833 2649 valet?
882 2604 1019 2646 Immo
1051 2604 1184 2658 poeta
1214 2599 1308 2655 ipse
1339 2598 1385 2639 in
1414 2596 1503 2638 illis
1526 2610 1624 2638 ver—

110 2677 179 2721 bis
211 2692 349 2734 supra
383 2677 536 2721 citatis
568 2693 647 2720 nos
679 2680 828 2720 monet
861 2690 944 2732 quo
978 2673 1124 2718 oculos
1157 2670 1446 2714 intendamus.
1509 2667 1622 2709 Nam

110 2750 345 2806 Apsyrtus
377 2748 702 2806 Apollonianus
745 2748 856 2791 nihil
896 2746 1068 2790 omnino
1112 2743 1245 2786 efficit
1275 2740 1361 2783 nisi
1392 2739 1506 2796 quod
1535 2753 1623 2780 mo-

111 2821 232 2865 riens
265 2823 311 2864 et
341 2821 388 2863 in
417 2821 564 2864 insula
607 2821 807 2878 sepultus
852 2832 1028 2862 causam
1069 2813 1254 2858 nominis
1298 2810 1431 2869 (quod
1462 2809 1625 2852 Graeci

76 2927 83 2936 ,
115 2894 241 2938 αἴτιον
274 2895 521 2952 11000110οἡ)
541 2935 546 2938 ,
565 2894 772 2951 explicat.
807 2931 809 2933 .
861 2891 929 2934 Ne
974 2888 1150 2933 dubium
1194 2884 1366 2943 quidem
1410 2885 1479 2926 est
1522 2880 1627 2939 quin
