1938 3319
902 239 1157 277 „b-

398 356 576 399 Accedit
622 353 735 412 quod
782 355 964 409 praeter
1010 348 1194 391 Pindari
1226 346 1464 405 Pythicum
1505 345 1585 390 IV.
1630 343 1800 389 nullum

285 432 365 488 ipsi
402 430 596 471 manibus
630 433 827 470 tenemus
860 438 1035 467 carmen
1068 421 1182 479 quod
1205 420 1380 464 saeculo
1403 419 1543 464 tertio
1567 417 1794 476 antiquius

286 509 365 545 est.
423 503 640 543 Habemus
665 502 810 541 autem
835 511 1008 539 carmen
1028 494 1256 551 Apollonii
1275 493 1438 536 Rhodii
1461 492 1643 549 epicum,
1677 490 1800 535 cuius

287 580 471 632 quartus
506 573 619 614 liber
652 571 843 627 reditum
863 570 1230 625 Argonautarum
1261 566 1416 609 multis
1449 569 1645 609 enarrat.
1689 564 1802 606 Tum

282 646 544 689 scholiorum
578 643 726 697 gratia
757 642 890 684 etiam
924 654 1084 697 operae
1117 643 1250 696 atque
1283 637 1545 694 diligentiae
1578 636 1800 680 fructibus

283 719 448 761 utimur
480 732 607 773 quam
639 713 920 770 grammatici
951 715 1130 755 veteres
1164 711 1208 753 in
1240 710 1439 754 fontibus
1464 708 1698 766 Apollonii
1730 724 1801 751 ex-

284 789 509 847 plorandis
544 787 887 838 collocaverunt,
920 785 1034 827 unde
1067 798 1177 841 quae
1210 783 1328 826 ratio
1362 782 1481 825 inter
1514 780 1802 838 Apollonium

284 866 327 905 et
361 860 602 917 ¹scriptores
636 859 809 915 priores
843 856 1174 907 intercesserit,
1223 854 1376 898 multis
1418 854 1463 897 in
1495 855 1627 897 rebus
1661 851 1804 896 statui

283 936 444 989 potest.
516 930 805 974 Recentiores
848 928 1106 985 quicumque
1154 927 1525 982 Argonautarum
1573 940 1644 968 res
1693 924 1803 967 cele-

283 1007 415 1048 brant
448 1003 637 1060 plurima
658 1002 897 1059 Apollonio
921 1001 1093 1043 debent.
1156 1000 1297 1052 Quam
1330 1001 1383 1041 ob
1408 1014 1501 1041 rem
1522 997 1568 1040 in
1599 997 1680 1041 hoe
1711 1012 1805 1040 car·

283 1077 408 1119 mine.
442 1075 556 1132 quod
589 1075 643 1117 ad
675 1090 753 1116 nos
787 1074 977 1126 attinet,
1025 1087 1191 1115 summa
1224 1071 1365 1114 totius
1397 1069 1635 1113 memoriae
1667 1069 1805 1113 eonti-

284 1153 427 1192 netur.
490 1150 611 1200 Quae
644 1163 737 1190 cum
770 1147 834 1189 ita
866 1146 980 1199 sint,
1029 1145 1128 1202 ipsa
1173 1144 1239 1187 rei
1280 1147 1443 1187 natura
1477 1144 1530 1185 ab
1562 1141 1803 1199 Apollonio

286 1220 459 1262 initium
493 1219 587 1275 capi
620 1219 763 1270 iubet,
808 1223 852 1261 et
893 1217 977 1260 tali
1017 1217 1191 1260 ratione
1238 1219 1381 1259 totam
1414 1214 1719 1272 quaestionem
1751 1213 1804 1257 de

285 1293 650 1347 Argonautarum
684 1290 832 1333 reditu
864 1293 1065 1333 tractare
1097 1289 1203 1331 mihi
1231 1287 1504 1345 aliquamdiu
1525 1286 1806 1344 propositum

285 1370 395 1407 erat.
458 1364 584 1416 Quod
617 1379 711 1405 cum
743 1378 855 1405 nunc
898 1362 1072 1418 quidem
1116 1361 1182 1404 ita
1221 1364 1273 1403 ut
1311 1359 1562 1403 faciendum
1606 1374 1711 1402 esse„
1743 1357 1806 1400 in-

286 1436 450 1492 tellego
494 1436 549 1478 ad
592 1436 720 1477 finem
764 1435 1005 1491 perducere
1038 1433 1228 1476 nondum
1260 1432 1458 1484 valeam,
1506 1431 1626 1474 haee-
1657 1429 1807 1487 capita

285 1509 411 1565 quasi
443 1508 572 1551 initia
607 1508 752 1564 operis
785 1507 953 1563 integri
984 1521 1189 1563 promere
1220 1504 1447 1548 constitui.

399 1581 594 1623 Primum
627 1580 768 1636 igitur
802 1580 874 1623 via
908 1594 990 1636 qua
1025 1580 1318 1634 Argonautae
1351 1576 1589 1619 secundum
1620 1574 1806 1631 Apollo-

285 1652 403 1694 nium
436 1653 623 1694 redeunt
657 1651 947 1694 examinanda
979 1654 1061 1693 est.
1139 1650 1206 1691 Ae
1244 1652 1388 1692 totam
1432 1647 1606 1705 quidem
1648 1660 1804 1689 narra-

286 1724 450 1767 tionem
481 1724 626 1767 tribus
660 1740 713 1766 ex
745 1723 950 1779 partibus
993 1724 1222 1773 constare,
1274 1735 1384 1777 quae
1425 1719 1708 1776 potissimum
1749 1718 1808 1761 ad

289 1799 383 1840 tres
429 1796 633 1851 regiones
689 1795 938 1851 pertinent,
995 1793 1101 1835 1111111
1147 1798 1316 1836 eertum
1371 1791 1564 1835 videtur.
1655 1791 1811 1834 Finxit

288 1868 400 1911 enim
431 1873 561 1924 poeta
593 1867 749 1910 heroes
781 1867 925 1909 Ponto
967 1866 1124 1908 relicto
1157 1880 1237 1921 per
1270 1865 1478 1907 Histrum
1523 1863 1706 1907 fluvium
1737 1879 1807 1907 us-

290 1955 372 1995 que
404 1939 459 1981 ad
491 1939 743 1981 Cauliacum
783 1943 976 1981 montem
1014 1937 1301 1992 navigantes,
1349 1935 1450 1978 inde
1494 1951 1574 1992 per
1616 1935 1808 1978 alteram

290 2010 438 2053 Histri
468 2014 654 2067 partem,
691 2010 764 2067 qui
795 2010 887 2052 11110
919 2008 1160 2061 dividatur,
1193 2007 1239 2050 in
1269 2022 1391 2050 mare
1419 2007 1704 2050 Adriaticum
1734 2006 1806 2050 de-

290 2082 478 2125 venisse.
540 2082 609 2124 Sic
641 2082 871 2125 conficitur
904 2096 1008 2137 pars
1040 2080 1184 2137 prima
1214 2080 1405 2123 itineris.

405 2154 490 2195 Dei
520 2156 706 2210 propter
738 2153 993 2210 Apsyrtum
1034 2153 1321 2196 interfectum
1362 2151 1471 2195 ira-ti
1501 2151 1806 2207 Argonautas,

291 2224 407 2267 viam
450 2225 495 2266 in
537 2225 811 2267 Thessaliam
855 2225 942 2267 iam
985 2225 1235 2281 ingressos,
1285 2240 1367 2281 quo
1410 2223 1622 2267 volebant
1653 2223 1810 2267 statim

290 2296 523 2351 pervenire
556 2299 724 2340 vetant.
802 2296 1162 2353 Tempestatibus
1195 2296 1369 2352 depulsi
1399 2298 1524 2339 retro
1555 2295 1600 2337 in
1620 2294 1812 2338 Eridani

293 2366 453 2409 ostium
484 2368 718 2410 vehuntur.
780 2368 895 2410 Hinc
934 2370 1090 2410 contra
1134 2382 1291 2424 aquam
1336 2383 1512 2409 cursum
1552 2369 1708 2410 tenent
1739 2382 1810 2409 us-

292 2453 374 2495 que
406 2439 461 2480 ad
490 2439 751 2481 Rhodanum
782 2440 975 2492 fluvium,
1008 2455 1087 2496 per
1119 2455 1247 2496 quem
1278 2439 1595 2482 descendentes
1618 2437 1664 2479 in
1685 2452 1808 2481 mare

295 2511 409 2566 quod
441 2515 507 2553 est
541 2510 596 2552 ad
628 2526 825 2553 occasum
857 2513 910 2554 ab
934 2511 1069 2554 ltalia
1102 2526 1280 2554 versum
1311 2510 1519 2553 evadunt.
1563 2510 1811 2552 Secundum

293 2581 453 2625 Italiae
486 2597 607 2624 oram
639 2586 684 2625 et
714 2587 897 2639 praeter
924 2582 1207 2625 Thrinaeiam
1236 2582 1426 2624 insulam
1459 2581 1504 2635 (i.
1524 2596 1558 2624 e.
1593 2580 1808 2637 Siciliam)

294 2653 556 2709 navigantes
598 2654 783 2711 denique
815 2655 871 2697 ad
900 2655 1163 2697 Phaeaciam
1213 2654 1253 2708 (i.
1287 2670 1322 2697 e.
1357 2653 1615 2709 Corcyram)
1661 2653 1810 2710 appel-

296 2724 406 2766 lunt.
467 2725 593 2767 Unde
625 2740 729 2781 pars
762 2726 937 2769 itineris
969 2726 1111 2769 tertia
1141 2726 1317 2769 initium
1348 2725 1487 2782 capit,
1520 2739 1707 2782 namque
1738 2725 1810 2768 de·

296 2810 379 2837 nuo
423 2797 642 2852 procellae
690 2798 883 2841 reditum
924 2798 970 2840 in
1012 2798 1288 2841 Thessaliam
1333 2796 1639 2854 interpellant.
1699 2797 1810 2841 Pro-

298 2866 402 2907 fecti
446 2868 557 2909 enim
595 2884 647 2911 ex
688 2868 834 2912 insula
865 2869 1112 2913 Phaeacum
1152 2869 1423 2926 aliquamdiu
1464 2884 1679 2926 prospere
1710 2885 1811 2926 pro-

298 2937 479 2980 cedunt:
513 2940 639 2982 brevi
668 2956 774 2984 vero
807 2956 832 2984 a
853 2945 1120 2999 tempestate
1143 2941 1316 2998 ingenti
1336 2941 1392 2983 ad
1415 2940 1576 2998 Syrtes
1610 2944 1657 2986 et
1687 2956 1811 2986 oram
