1839 3265
818 149 1105 191 ..22-

207 272 403 313 uim-1111.
450 268 633 310 Adriam
682 265 917 323 petivisso3
967 264 1123 306 docere
1168 263 1302 306 ctiam
1344 263 1462 306 locos
1510 278 1536 306 a
1579 264 1719 307 Beck-

204 357 354 382 ιιιιιιιιιυ
379 340 431 381 :ul
455 338 645 380 Aristot.
680 337 731 378 do
755 336 849 377 mir.
874 349 988 376 ausc.
1023 333 1233 376 collectos
1267 334 1553 377 scholiastam
1584 334 1717 379 valde

202 428 374 454 errasse
416 411 458 452 in
502 411 552 451 iis
595 424 703 466 quac
748 408 799 449 ‹lc
832 407 1064 460 Timag‹=t0
1106 405 1363 461 protulerit.
1426 406 1479 448 ln
1511 406 1592 449 hac
1623 406 1715 464 qui-

202 484 295 525 (Ιυιιι
330 484 528 539 opinione
562 482 612 522 ‹l‹·
646 480 818 522 rationo
859 492 968 535 quac
1001 477 1119 520 inter
1153 476 1469 520 Callimachum
1501 480 1548 522 et
1577 477 1715 536 Apol-

200 556 360 597 lonium
396 554 629 597 intcrwdit
662 551 861 593 nonnulli
893 549 1207 592 Schneiderum
1233 549 1376 593 secuti
1407 552 1512 593 sunt
1529 550 1568 605 ¹).
1631 549 1716 594 At-

201 644 281 684 que
319 626 578 677 lvssoniuff)
621 624 692 680 qui
737 623 968 665 maximam
1011 625 1186 678 partem
1233 636 1279 664 sc
1312 622 1366 665 ab
1398 621 1479 665 hac
1511 621 1714 678 opinione

200 697 421 749 lum-avit,
456 702 602 738 tamon
627 693 816 736 nondum
849 692 992 734 omnia
1022 707 1116 734 meo
1149 691 1310 734 iudicio
1343 695 1466 735 recte
1497 692 1676 736 statuit.

316 780 422 822 Mihi
455 779 625 836 quidem
650 777 1034 834 persuasissimum
1066 778 1136 819 est
1165 779 1309 819 totam
1331 775 1591 820 Schneideri
1622 792 1717 821 sen-

201 852 384 895 tentiam
417 850 700 893 fundamento
734 863 900 891 carere.
975 848 1123 900 Quare
1156 862 1252 890 cum
1283 848 1401 904 apud
1433 863 1506 891 eos
1541 848 1616 906 qui
1646 849 1715 893 his

203 925 254 966 (lc
297 925 424 966 rebus
459 925 646 977 egerunt
677 920 923 964 auctoritas
968 919 1095 961 huius
1139 919 1229 962 viri
1269 919 1390 963 docti
1420 920 1609 964 multum
1639 935 1714 965 va-

202 995 337 1038 luerit
380 998 425 1037 ct
462 1009 572 1035 nunc
617 993 789 1045 valcat,
833 994 1129 1048 opportunum
1162 993 1231 1034 est
1271 994 1413 1035 totam
1445 1007 1539 1035 rem
1571 992 1712 1036 denuo

202 1065 487 1122 perscrutari.
551 1066 645 1117 Qua
684 1064 727 1105 in
758 1078 807 1105 re
838 1062 1012 1104 minime
1045 1062 1252 1105 convenit
1296 1062 1359 1105 sic
1390 1063 1631 1119 procedere
1662 1068 1714 1108 ut

201 1138 377 1193 singula
401 1140 663 1193 argumenta
695 1138 772 1179 aut
793 1135 1051 1178 Schneideri
1081 1137 1159 1178 aut
1191 1149 1343 1178 eorum
1375 1135 1450 1192 qui
1481 1136 1521 1179 ei
1542 1136 1715 1180 assensi

202 1213 303 1252 sunt
329 1212 529 1252 tractem.
593 1209 728 1250 Immo
757 1207 957 1265 quaestio
990 1206 1130 1250 multo
1162 1207 1339 1250 facilior
1372 1210 1454 1251 est.
1514 1208 1630 1252 Nam
1661 1208 1715 1252 de

201 1281 466 1323 carminibus
485 1280 791 1323 Callimacheis
814 1278 1168 1336 interpretandis
1191 1279 1261 1322 hic
1282 1294 1369 1322 non
1391 1280 1557 1336 agitur,
1580 1296 1712 1338 prop-

201 1357 325 1396 terea
359 1353 472 1410 quod
503 1353 599 1409 ipsa
640 1352 834 1395 carmina
876 1351 1159 1394 interierunt.
1231 1351 1506 1407 Fragmenta
1536 1355 1714 1396 tantum

200 1428 243 1467 et
275 1438 411 1480 pauca
443 1426 488 1466 et
519 1423 673 1466 brevia
706 1423 943 1476 habemus,
977 1421 1090 1465 unde
1123 1422 1425 1466 conclusiones
1459 1423 1712 1468 efficiendae

201 1499 314 1538 sunt.

313 1579 378 1621 Ac
418 1578 604 1635 primum
644 1578 818 1635 quidem
858 1578 1084 1621 ordiamur
1126 1592 1152 1620 a
1194 1577 1372 1620 scholiis
1405 1577 1450 1620 in
1479 1577 1710 1636 Euripidis

200 1650 395 1694 Medeam
427 1650 558 1705 1334;
606 1653 675 1693 est
706 1650 823 1707 apud
845 1649 1160 1693 Schneiderum
1181 1650 1316 1706 Frag.
1340 1650 1437 1693 411.
1499 1650 1574 1694 Ad
1603 1651 1710 1696 haec

198 1723 333 1766 verba
363 1722 606 1778 Euripidea

372 1813 571 1849 κτανοῦσα
601 1810 675 1863 γὰρ
709 1809 757 1864 δὴ
790 1810 857 1850 σὺν
889 1811 1001 1850 κάσιν
1034 1812 1245 1864 παρέστων

204 1888 442 1971 adsciipsit
484 1888 745 1932 scholiasta:
794 1893 898 1932 κατὰ
943 1894 1007 1933 τὸν
1040 1893 1174 1948 βωμὸν
1213 1891 1349 1934 ἀνεῖλε
1393 1895 1486 1934 τὸν·
1487 1891 1709 1948 'Acumen

206 1960 230 2015 ἢ
264 1960 325 2002 ἐπὶ
355 1969 406 2015 τῶ
441 1963 560 2017 βωωῖ)
593 1969 665 2019 τῆς
697 1962 860 2019 Ἀρτευ
855 1964 936 2010 δος
979 1962 1035 2012 ὡς
1075 1966 1145 2005 καὶ
1175 1963 1456 2012 Ἀπολλώνιός
1502 1979 1637 2022 φησιν,
1681 1963 1708 2022 ἢ

204 2031 263 2072 ἐπ
296 2031 333 2073 οὶ
331 2031 409 2073 ’κου
427 2031 456 2086 ³)
490 2031 528 2073 ἐν
562 2040 609 2088 τῇ
642 2037 783 2088 πατρίο
768 2034 798 2074 3¹.
829 2033 883 2082 ὡς
914 2034 1201 2091 Καλλίμαχος.

312 2115 469 2171 Itaque
503 2115 795 2160 Callimachus
828 2118 1020 2162 fiatrem
1050 2119 1232 2162 Medeae
1263 2119 1309 2161 in
1331 2119 1540 2163 Colchide
1570 2119 1710 2164 inter-

200 2186 362 2228 fectum
394 2202 488 2229 esse
520 2187 723 2231 tradidit.
785 2189 905 2242 Quae
939 2193 1009 2233 est
1039 2190 1193 2233 fabula
1224 2191 1345 2234 inter
1365 2194 1570 2234 auctores
1592 2191 1710 2248 prio-

201 2271 270 2298 res
303 2257 569 2313 pervulgata
583 2260 629 2313 ⁴).
693 2260 814 2303 Haec
845 2261 987 2317 igitur
1019 2263 1159 2305 verba
1189 2262 1214 2319 ἢ
1248 2262 1309 2304 ἐπ’
1342 2262 1456 2305 οἴκοι)
1479 2262 1519 2305 ἐν
1540 2265 1708 2320 πατρίδι,

200 2327 254 2376 ὡς
284 2328 558 2386 Καλλίμαχος
588 2345 683 2373 cum
713 2332 982 2376 testimoniis
1019 2333 1308 2390 Pherecydis,
1342 2333 1587 2391 Sophoclis,
1619 2335 1709 2378 Eu-

299 2492 330 2535 1)
355 2492 591 2538 Geffckenius,
623 2496 790 2531 Timaios’
812 2498 1034 2544 Geoyraphie
1061 2500 1122 2535 des
1143 2500 1313 2545 Westefns,
1340 2512 1422 2546 pag.
1443 2503 1498 2537 93.
1537 2502 1710 2548 Seeliger,

200 2551 367 2586 Roscheri
394 2553 507 2598 Myth.
534 2555 622 2590 Lea).
648 2557 725 2591 537.
766 2557 980 2603 Groegerus,
1007 2560 1064 2595 De
1088 2561 1221 2606 Aryon.
1250 2561 1340 2598 Fab.
1355 2562 1526 2599 Historia
1550 2574 1633 2609 pag.
1651 2566 1708 2600 45.

200 2612 488 2656 Kenncrknecht‚
514 2615 590 2649 Zur
615 2617 944 2665 Awyonauteusaye,
972 2631 1033 2665 pp.
1061 2623 1147 2656 54—
1157 2624 1213 2658 55.

293 2673 328 2717 2)
355 2672 397 2707 cf.
428 2673 539 2718 Pauly
566 2679 601 2709 et
626 2675 815 2720 Wissowa‚
841 2679 1042 2715 ReaZ-Enc.
1070 2681 1105 2714 II
1131 2683 1210 2725 769,
1240 2685 1294 2717 11.

294 2735 328 2776 3)
355 2733 414 2769 Sic
439 2734 699 2770 Schwartzius:
726 2737 811 2772 libri
836 2738 976 2775 ἔποικον.

293 2794 329 2836 4)
355 2793 413 2828 Sic
447 2794 641 2838 Sophocles
673 2806 730 2840 ap.
758 2797 874 2833 Schol.
903 2800 969 2845 Ap.
999 2800 1066 2836 Rh.
1094 2801 1143 2837 IV
1169 2804 1256 2838 228:
1295 2803 1423 2850 Eurip.
1449 2804 1580 2842 Medea
1608 2808 1709 2843 1334.

201 2852 392 2898 Pherecyd.
420 2854 455 2888 in
482 2854 600 2889 Schol.
625 2857 692 2900 Ap.
720 2856 788 2891 Rh.
815 2858 863 2892 IV
890 2860 968 2904 223,
996 2862 1073 2896 228.
