1938 3319
929 218 1096 262 „12
1157 246 1211 253 Μ

303 343 490 383 mentem
523 337 645 383 venit
699 339 898 396 poetam,
946 335 1019 395 qui
1062 351 1211 381 rerum
1258 336 1444 382 maxime
1492 335 1824 381 reconditarum

309 411 659 454 studiosissimus
692 415 783 463 est,
831 411 963 455 etiam
996 410 1064 454 hic
1096 410 1441 468 appellationem
1472 426 1623 455 raram
1654 415 1701 455 et
1731 412 1827 456 fere

303 483 515 526 oblivioni
562 484 711 527 datam
744 483 996 528 retinuisse.
1060 484 1184 537 Quae
1217 483 1364 541 opinio
1398 484 1665 528 scholiorum
1696 484 1825 528 testi-

304 555 446 598 monio
481 556 780 599 confirmatur.
844 555 959 598 Vide
992 555 1247 611 argumenti
1277 555 1393 598 libro
1412 555 1492 599 IV.
1526 556 1714 613 praefixi
1744 555 1825 598 ini-

303 628 436 670 tium:
482 627 551 670 mi.
584 624 897 685 ἐπεραιώθησαν
932 626 988 676 εὶς
1019 631 1061 670 τὸ
1093 630 1220 670 πάλαι
1251 631 1322 684 μὲν
1353 630 1604 686 χαλώμενον
1637 629 1823 685 Κρόνιον·

303 698 432 740 Haud
464 699 576 741 levis
609 700 817 743 momenti
850 704 919 743 est
943 700 1059 756 quod
1078 699 1330 756 Aeschylus
1352 700 1384 751 l)
1418 700 1532 744 idem
1555 716 1676 745 mare
1700 706 1825 758 μέγαν

308 770 456 810 κόλπον
478 769 597 817 Ῥέας
616 769 806 822 vocavit,
841 769 970 811 simul
997 768 1162 812 addens
1181 769 1261 812 hoc
1290 785 1386 812 esse
1404 786 1561 813 nomen
1586 771 1823 815 vetustius.

302 839 557 883 Exstabant
604 840 744 896 igitur
792 841 951 897 priscis
994 841 1269 897 temporibus
1323 842 1648 898 appellationes
1695 842 1824 886 huius

301 912 435 954 maris
468 929 493 955 a
525 913 696 956 nomine
730 913 800 956 vel
824 913 1008 956 Saturni
1035 914 1106 956 vel
1139 913 1232 956 eius
1263 914 1460 970 coniugis
1494 914 1666 958 ductae.
1729 915 1825 968 Quo

301 989 504 1040 spectent
537 985 648 1028 talia
692 985 891 1029 indicant
923 989 1066 1029 testes
1101 986 1273 1043 aliquot
1305 989 1355 1030 ut
1387 991 1590 1030 recentes
1623 987 1689 1031 ita
1710 987 1827 1031 haud

299 1057 546 1113 spernendi.

414 1129 481 1172 Ac
510 1129 697 1185 primum
715 1129 887 1171 Plinius
900 1130 932 1184 2)
953 1130 1004 1172 (19
1028 1129 1141 1171 mari
1156 1129 1515 1186 septemtrionali
1529 1131 1826 1175 remotissimo

303 1200 525 1243 disserens
568 1201 673 1244 haec
717 1201 847 1244 dicit:
897 1203 934 1243 A
975 1203 1074 1256 Tyle
1113 1202 1239 1243 meins
1281 1203 1363 1243 diez·
1405 1204 1676 1257 ‘naviyatioow
1714 1218 1829 1247 mare

305 1277 534 1314 concretum
567 1288 592 1314 (ι
623 1275 840 1316 nonnullis
873 1274 1072 1315 Cronium
1105 1274 1357 1326 appellatur.
1422 1274 1534 1316 Tum
1577 1274 1712 1317 simili
1757 1290 1827 1318 ra-

299 1344 418 1387 tione
464 1345 509 1386 in
553 1345 759 1401 Orphicis
804 1346 916 1388 1085
968 1360 1089 1387 mare
1130 1345 1341 1387 Cronium
1398 1346 1515 1388 haud
1554 1348 1711 1403 procul
1769 1349 1824 1392 ab

299 1417 610 1472 Hyperboreis
657 1418 792 1460 situm
837 1422 1218 1460 commemoratur.
1290 1418 1492 1475 Denique
1525 1419 1708 1462 eandem
1739 1436 1824 1464 me-

301 1487 484 1529 moriam
531 1488 648 1544 apud
689 1489 977 1544 Dionysium⁷
1036 1505 1163 1545 quem
1196 1488 1463 1545 Periegeten
1506 1505 1735 1545 vocamus,
1781 1491 1828 1534 in

305 1575 368 1601 vs.
401 1560 455 1601 32
500 1563 546 1602 et
592 1560 637 1602 in
681 1561 859 1604 scholiis
892 1561 949 1603 ad
994 1561 1032 1603 h.
1080 1577 1119 1603 v.
1164 1560 1378 1603 invenies.
1454 1561 1508 1603 In
1550 1562 1618 1605 his
1651 1562 1826 1620 quidem

303 1631 408 1672 mihi
440 1632 594 1674 videor
626 1633 817 1689 priscam
848 1633 938 1676 vim
969 1648 1018 1675 ac
1051 1632 1320 1675 sententiam
1364 1632 1457 1676 eius
1505 1635 1693 1678 nominis
1726 1651 1824 1692 cog-

306 1719 488 1746 noscere
522 1704 638 1760 quod
670 1704 732 1747 ibi
762 1704 876 1747 mari
907 1704 1031 1748 Ionio
1064 1704 1254 1746 inditum
1287 1708 1368 1747 est.
1431 1704 1546 1746 Nam
1577 1720 1698 1748 mare
1720 1705 1827 1748 Cro—

308 1774 427 1816 nium
460 1780 560 1817 erat
593 1775 686 1818 sine
720 1776 850 1819 dubio
883 1776 995 1818 illud
1039 1775 1237 1831 ignotum
1269 1791 1319 1818 ac
1350 1776 1681 1833 inexploratum
1713 1778 1829 1835 quod

308 1846 502 1889 homines
535 1847 659 1890 adire
691 1862 778 1889 non
810 1846 1025 1889 solebant.
1092 1846 1215 1900 Quae
1248 1847 1492 1903 appellatio
1526 1848 1739 1904 quomodo
1773 1849 1829 1891 ad

309 1932 429 1960 mare
447 1917 730 1961 Adriaticum
763 1918 991 1974 pertinere
1024 1917 1180 1974 possit,
1215 1918 1355 1974 magis
1381 1919 1628 1975 apparebit,
1663 1921 1701 1963 si
1732 1937 1827 1978 spc-

306 1989 413 2031 919111
446 1990 565 2031 orbis
597 1993 824 2032 terrarum
856 2004 986 2046 quam
1014 1990 1199 2032 Homeri
1231 1995 1381 2034 aetate
1406 1991 1600 2034 homines
1634 1993 1719 2036 sibi
1750 1994 1828 2036 fin-

302 2062 467 2115 gebant
499 2062 641 2104 animo
674 2062 957 2118 cogitaveris.
1019 2062 1134 2104 Nam
1166 2062 1218 2106 de
1251 2066 1378 2105 terra
1411 2063 1668 2117 continenti,
1702 2065 1824 2108 cuius

304 2132 493 2175 Graecia
526 2137 570 2176 et
587 2134 721 2176 Italia
755 2138 799 2177 et
815 2134 965 2177 Iberia.
995 2139 1147 2191 partes
1172 2138 1334 2188 essent,
1367 2135 1490 2178 nulla
1513 2136 1685 2180 omnino
1708 2138 1828 2181 fama

306 2205 715 2248 circumferebatur.
778 2206 925 2249 Erant
964 2207 1044 2249 hae
1090 2207 1217 2263 quasi
1248 2207 1418 2250 insulae
1451 2223 1559 2264 quas
1591 2209 1734 2253 maria
1763 2210 1827 2252 in-

309 2277 460 2332 gentia
494 2278 849 2321 circumfluerent
863 2278 909 2334 3).
965 2279 1116 2335 Atque
1135 2279 1366 2322 Herodoto
1399 2283 1517 2323 teste
1549 2281 1571 2322 I
1604 2281 1686 2323 163
1718 2281 1827 2325 Pho—

302 2349 395 2391 caei
438 2349 569 2405 primi
601 2349 790 2392 Adriam
835 2350 1200 2407 exploraverunt.
1273 2350 1401 2395 Unde
1432 2353 1625 2409 percipis
1665 2353 1825 2409 priscis

305 2420 579 2477 temporibus
600 2421 678 2463 has
702 2421 908 2477 regiones
938 2422 1244 2479 inexploratas
1262 2438 1358 2466 esse
1386 2438 1436 2466 ac
1468 2424 1543 2466 diu
1562 2425 1824 2470 intentatas.

305 2491 379 2534 Ad
421 2492 530 2535 hanc
575 2492 812 2549 pristinam
860 2497 1078 2548 aeta-tem,
1134 2509 1219 2551 (1113
1261 2493 1442 2538 intimus
1486 2495 1657 2539 Adriae
1703 2497 1825 2541 sinus

304 2563 626 2608 remotissimus
659 2569 759 2608 erat
791 2570 836 2609 et
869 2566 996 2623 quasi
1026 2566 1225 2609 tenebris
1257 2566 1514 2620 involutus,
1547 2568 1664 2610 haud
1695 2568 1825 2627 dubie

307 2636 542 2679 referenda
582 2640 652 2681 est
682 2637 789 2681 haec
820 2638 1064 2694 appellatio
1109 2653 1221 2696 quae
1253 2639 1478 2695 gradatim
1508 2643 1695 2697 propter
1727 2655 1825 2683 auc-

398 2757 432 2801 1)
459 2756 577 2792 Prom.
611 2757 723 2794 Vivet.
752 2760 831 2794 837.

402 2819 438 2863 2)
464 2818 512 2852 N.
540 2819 588 2853 H.
616 2819 677 2863 IV,
705 2821 782 2855 104.
810 2820 853 2855 cf.
881 2812 1076 2864 etiam'1v‚
1103 2822 1148 2856 84
1176 2832 1248 2865 seq.

407 2880 443 2924 3)
469 2879 560 2915 Vide
586 2881 736 2925 Bergeri
762 2881 1044 2926 disputationem
1082 2883 1116 2916 in
1144 2881 1238 2917 libro
1271 2882 1474 2917 Gescln'chte
1512 2882 1574 2917 der
1611 2883 1704 2919 vri-ss.
1732 2883 1828 2918 Erd-

308 2939 426 2977 kmzde
451 2940 511 2975 cler
542 2940 726 2987 Griechen,
752 2953 811 2988 pp.
840 2944 883 2978 22
912 2954 1008 2988 seqq.
