1898 3291
692 173 974 216 -23—

76 283 235 342 ripidis
280 285 465 340 collata,
529 287 622 331 sine
678 288 770 332 ulla
827 288 1105 333 dubitatione
1149 289 1466 333 Callimachum
1529 289 1592 332 fa-

76 355 206 399 bulae
252 356 439 399 formam
482 359 777 403 vetustiorem
818 359 1059 404 retinuisse
1108 361 1278 404 docent.
1356 361 1403 403 Si
1435 364 1593 404 eontra

76 426 123 470 in
166 430 358 472 mentem
390 444 648 474 revocamus
698 446 825 488 quam
875 431 1077 475 diversas
1118 447 1189 475 res
1231 432 1498 488 Apollonius
1540 432 1593 475 de

74 498 282 556 Apsyrto
314 500 579 556 protulerit,
614 502 770 545 statim
801 505 990 559 apparet
1021 502 1101 544 hae
1130 502 1305 559 quidem
1327 503 1371 545 in
1404 518 1451 546 re
1484 503 1594 545 nihil

75 569 248 614 omnino
281 586 505 615 commune
537 588 633 617 esse
666 574 785 617 inter
817 574 894 617 hos
940 573 1048 616 duos
1081 578 1300 617 auctores.
1362 574 1447 617 Hic
1478 574 1593 617 enim

73 640 307 698 Apsyrtus
341 642 598 687 adulescens
639 645 786 688 alacer
819 645 874 688 ad
911 645 1193 702 pugnandum
1224 645 1415 702 primum
1450 645 1593 688 locum

74 711 120 754 in
140 711 422 769 Argonautis
454 716 774 773 persequendis
808 717 981 760 obtinet
1013 719 1059 759 et
1090 716 1252 760 itinere
1275 732 1354 774 per
1384 718 1592 760 Histrum

73 784 206 839 facto,
239 785 286 828 in
315 785 462 829 insula
478 787 648 830 Adriae
680 788 964 831 interficitur.
1026 786 1127 830 Illic
1149 790 1299 831 autem
1329 787 1440 830 nihil
1462 788 1590 831 huius

71 857 249 913 generis
293 858 432 902 fuisse
473 862 637 916 potest.
716 859 831 902 Nam
883 859 1126 903 scholiasta
1179 859 1348 904 diserte
1387 862 1589 904 testatur

73 929 329 986 Apsyrtum
360 929 477 972 domi
509 930 697 973 occisum
729 946 837 974 esse.

185 1036 398 1081 Alterum
439 1037 740 1094 fragmentum
784 1037 951 1081 scholia
982 1037 1283 1094 Apolloniana
1322 1037 1367 1080 in
1411 1037 1480 1081 IV
1505 1038 1591 1080 ‘284

70 1108 315 1164 praebent:
364 1111 433 1151 est
478 1109 594 1165 apud
627 1108 942 1152 Schneiderum
973 1109 1069 1151 377.
1148 1107 1385 1152 Traditum
1430 1113 1501 1153 est
1545 1109 1591 1152 in

70 1179 387 1232 Laurentiano,
421 1179 475 1228 ὡς
499 1180 719 1238 Σοφοκλῆς
752 1181 790 1222 ἐν
814 1181 996 1228 Σκῦθαις
1027 1179 1176 1236 ἱστορεῖ
1206 1182 1276 1222 καὶ
1307 1179 1588 1239 Καλλίμαχος

73 1252 203 1297 αὐτῶν
244 1257 337 1303 τοὺς
378 1258 448 1311 μὲν
496 1254 553 1303 εἰς
600 1259 665 1298 τὸν
697 1254 866 1310 Ἀδρίαν
897 1270 981 1296 κτε.
1057 1254 1211 1297 Editio
1243 1253 1450 1311 princeps
1482 1252 1590 1294 haee

73 1325 222 1379 habet,
255 1325 311 1376 ὡς
341 1328 564 1385 Σοφοκλῆς
596 1327 635 1370 ἐν
667 1328 851 1375 Σκῦθαις
891 1326 1040 1382 ἱστορεῖ
1083 1330 1153 1368 καὶ
1185 1326 1461 1383 Καλλίμαχος
1492 1324 1592 1367 ’ὅθεν

74 1401 145 1441 καὶ
175 1407 249 1442 τῶν
281 1400 454 1443 Σκυθῶν
495 1402 588 1448 τοὺς
632 1404 702 1456 μὲν
736 1398 792 1448 εἰς
824 1402 888 1441 τὸν
920 1398 1092 1454 Ἀδρίαν
1123 1414 1206 1441 κτε.
1252 1423 1255 1426 ·
1283 1398 1337 1440 In
1367 1395 1588 1439 Parisinis

72 1471 285 1514 scholium
326 1475 419 1515 tam
463 1472 623 1515 inscite
667 1474 945 1515 contractum
987 1477 1057 1514 est
1097 1473 1149 1514 ut
1192 1470 1304 1512 nihil
1345 1469 1447 1512 inde
1479 1468 1593 1511 effici

73 1543 229 1599 possit.
292 1544 608 1597 Quaestionem
652 1544 840 1600 primam
887 1558 997 1600 quae
1036 1543 1081 1584 in
1123 1542 1274 1585 verbis
1306 1540 1589 1584 recensendis

74 1618 299 1669 versatur,
331 1616 524 1659 nondum
555 1615 797 1672 attingam,
842 1614 1112 1671 praesertim
1155 1629 1251 1656 cum
1295 1629 1366 1656 res
1399 1613 1488 1655 alia
1519 1627 1590 1655 ra-

72 1687 193 1731 tione
226 1687 461 1730 diiudicari
502 1686 659 1744 possit.
721 1686 837 1728 Nam
867 1685 1148 1742 potissimum
1179 1684 1232 1728 de
1258 1683 1407 1728 verbis
1432 1683 1589 1726 distin-

72 1759 258 1816 guendis
291 1760 456 1816 agitur.
532 1759 744 1802 Editores
778 1758 892 1801 enim
934 1758 1009 1815 qui
1038 1757 1237 1801 Keilium
1267 1756 1590 1800 antecedebant

74 1830 425 1873 enuntiationem
455 1832 560 1886 post
591 1829 867 1886 Καλλίμαχος
897 1828 1101 1870 desinere
1133 1827 1384 1870 censebant.
1461 1825 1589 1868 Unde

75 1902 348 1945 efficiebatur
391 1906 443 1945 ut
483 1902 601 1958 apud
647 1901 963 1944 Callimachum
1009 1901 1126 1944 sieut
1171 1900 1289 1957 apud
1328 1898 1589 1956 Sophoclem

73 1989 170 2017 eum
200 1974 349 2017 aditus
382 1974 428 2016 in
444 1973 635 2017 Pontum
666 1977 761 2017 tum
792 1974 966 2017 reditus
998 1973 1044 2016 in
1076 1972 1354 2016 Thessaliam
1384 1987 1466 2028 per
1482 1970 1588 2014 Hel·

71 2046 325 2103 lespontum
345 2046 518 2089 fierent.
571 2046 747 2089 Keilius
771 2048 920 2089 autem
940 2049 1044 2103 post
1065 2045 1215 2102 ἱστορεῖ
1234 2044 1391 2102 pedem
1410 2044 1589 2096 sistens,

73 2133 233 2162 novam
263 2119 531 2163 sententiam
561 2134 588 2161 a
612 2119 761 2162 verbis
794 2121 864 2161 καὶ
885 2118 1162 2176 Καλλίμαχος
1192 2117 1387 2174 incipere
1409 2116 1588 2169 statuit,

73 2205 184 2248 quae
225 2191 450 2235 sententia
492 2191 650 2234 statim
683 2206 764 2248 per
795 2190 996 2233 lacunam
1035 2189 1368 2246 interpellatur.
1431 2188 1591 2241 Quam-

72 2276 202 2318 quam
232 2261 410 2305 Keilius
447 2276 549 2305 suas
581 2262 780 2306 rationes
823 2276 1038 2319 nusquam
1081 2264 1295 2319 quantum
1337 2262 1426 2306 scio
1459 2277 1590 2318 expo-

74 2332 190 2387 suit,
236 2333 344 2377 licet
374 2338 524 2377 tamen
563 2334 824 2377 concludere
865 2349 985 2387 eum,
1030 2334 1182 2377 verbis
1226 2349 1336 2391 quae
1377 2337 1588 2377 secuntur

71 2404 156 2448 huc
185 2405 368 2460 relatis,
413 2409 557 2450 totam
589 2407 837 2450 orationem
878 2422 1016 2463 usque
1061 2406 1118 2449 ad
1157 2406 1339 2449 κάκεῖνον,
1367 2411 1455 2449 τότε
1485 2406 1588 2463 ἦσαν

73 2478 341 2523 Callimacho
373 2479 576 2523 tribuere
606 2479 736 2524 velle.
799 2479 922 2533 Quae
945 2478 1165 2522 conclusio
1188 2493 1346 2535 reapse
1369 2493 1395 2520 a
1411 2477 1588 2521 Schnei-

72 2551 179 2595 dero
212 2554 259 2595 et
289 2552 410 2596 facta
442 2556 488 2596 et
518 2552 702 2595 defensa
733 2555 816 2595 est.

185 2657 284 2715 Ego
317 2657 492 2715 quidem
521 2658 598 2701 vix
628 2659 759 2702 credo
806 2673 1066 2716 quemquam
1111 2659 1278 2703 talibus
1311 2658 1587 2715 argumentis

72 2729 203 2773 fidem
232 2730 435 2774 tribuere
465 2746 607 2788 posse.
680 2731 789 2774 Cum
820 2747 927 2775 vero
965 2732 1072 2775 haec
1104 2731 1402 2775 Callimachea
1432 2730 1586 2774 ordine

73 2804 278 2855 tractem,
297 2803 447 2849 ‚etiam
476 2803 558 2846 hoc
588 2803 956 2860 praetermittere
987 2819 1075 2847 non
1105 2803 1224 2847 licet.
1296 2803 1456 2861 Itaque
1488 2818 1586 2846 con-

69 2873 205 2919 tendo
237 2874 506 2932 scripturam
538 2876 759 2920 editorum
804 2876 984 2922 illorum
1027 2875 1354 2922 restituendam
1384 2891 1481 2922 esse
1512 2877 1588 2936 qui
