1839 3265
823 220 1056 275 Vita.

301 343 448 386 Natus
481 360 575 387 sum
608 345 845 391 Edvardus
880 349 1010 393 Fitcb
1038 350 1097 393 W
1101 350 1295 393 altoniae
1328 350 1373 392 in
1405 351 1564 407 oppido
1587 351 1706 394 Novi

183 412 374 456 Eboraci
408 414 916 464 civitatis·*Amoricanao
949 423 1054 463 ante
1087 420 1198 462 diem
1233 420 1312 463 VI.
1346 420 1433 463 kal.
1466 421 1567 463 dun.
1601 435 1639 464 a.
1661 421 1700 464 h.

183 497 215 524 S.
250 483 414 526 LXIV.
448 487 579 540 patro
613 484 822 542 Grcorgio‚
862 492 1006 531 matre
1039 488 1229 531 Harriet
1275 504 1297 531 e
1328 492 1462 545 gente
1495 489 1700 532 Sinclair.

182 551 465 594 Rudimentis
508 553 768 597 litterarum
810 556 855 598 in
899 557 1059 600 scholis
1100 557 1403 601 VValtonianis
1449 558 1698 601 instructus

183 636 262 677 per
306 626 523 678 quattuor
565 639 701 666 annos
737 626 983 683 Collegium
1026 628 1363 671 Halniltonense
1404 627 1701 685 frequentavi,

183 694 228 734 et
272 692 493 734 curriculo
537 692 872 750 disciplinarum
916 712 1148 753 permenso
1195 700 1299 740 ante
1331 697 1446 740 diem
1483 697 1556 739 VL
1600 711 1699 739 non.

181 762 265 805 Iul.
307 778 343 805 a.
387 763 426 805 h.
472 780 505 806 S.
548 765 804 810 LXXXVI.
855 768 1190 812 baccalaureum
1237 769 1403 812 artium
1448 767 1702 811 liberalium

181 835 413 876 curatores
445 834 807 879 Hainiltonenscs
850 854 917 881 me
959 839 1346 882 renuntiaverunt.
1418 837 1590 881 Deinde
1621 852 1701 894 per

181 918 319 948 annos
350 907 446 947 tres
488 904 728 962 discipulos
764 907 954 964 Collegii
984 908 1218 951 Parcensis
1252 907 1583 952 Missouriensis
1617 911 1702 953 ele-

180 974 342 1017 mentis
374 974 634 1017 litterarum
667 975 942 1019 Graecarum
972 978 1360 1035 Romanarumque
1407 983 1453 1022 et
1484 979 1701 1022 historiae

182 1044 391 1101 Anglicae
423 1044 518 1101 ipse
558 1045 649 1088 tiro
682 1062 763 1102 pro
808 1047 980 1091 viribus
1012 1048 1160 1091 imbui.
1234 1049 1346 1090 Tum
1377 1048 1422 1091 in
1455 1049 1701 1106 Collegium

179 1116 518 1159 Hamiltonense
560 1132 770 1160 reversus
802 1118 1063 1162 Edvardum
1094 1119 1265 1172 North,
1309 1119 1412 1161 olim
1442 1125 1700 1177 praecepto-

178 1202 272 1230 rem
302 1202 444 1228 meum
476 1186 662 1229 maxime
695 1189 995 1231 venerandum
1027 1193 1072 1233 et
1103 1190 1384 1246 professores
1416 1190 1620 1247 Hopkins
1654 1194 1700 1234 et

180 1257 357 1299 Brandt
397 1256 444 1298 in
472 1257 655 1299 docendi
697 1274 876 1301 munere
915 1260 1139 1315 fungendo
1172 1260 1335 1302 adiuvi.
1397 1261 1550 1303 Mense
1584 1261 1700 1304 Iulio

180 1342 218 1370 a.
251 1327 291 1369 h.
326 1342 358 1369 s.
390 1326 546 1369 XCHI
577 1332 628 1370 ut
669 1330 813 1370 artem
857 1344 906 1372 ac
949 1329 1227 1386 disciplinam
1258 1329 1571 1386 philologicam
1602 1330 1701 1372 dili-

178 1396 357 1453 gentius
390 1396 580 1439 colerem
611 1412 677 1440 me
710 1397 756 1439 in
787 1397 1072 1441 Germaniam
1104 1399 1285 1451 contuli,
1318 1399 1393 1442 ubi
1424 1399 1604 1442 ineunte
1636 1416 1701 1443 se-

181 1466 339 1509 mestri
370 1466 554 1508 hiberno
595 1466 715 1509 inter
762 1467 880 1511 cives
912 1468 1182 1511 academicos
1217 1468 1439 1525 Georgiae
1472 1470 1699 1526 Augustae

179 1540 385 1593 receptus
419 1551 525 1578 sum.

295 1607 556 1649 Docuerunt
587 1622 654 1650 me
686 1607 776 1650 viri
808 1607 928 1650 docti
957 1608 1144 1652 Bechtel
1176 1610 1307 1664 (nunc
1328 1609 1571 1666 Halensis),
1603 1609 1700 1652 Dil-

180 1677 316 1733 they,
349 1676 596 1730 Kielhorn,
630 1678 739 1731 Leo,
774 1677 982 1732 Schulze,
1018 1678 1345 1735 Volquardsen,
1376 1679 1699 1724 VVilamowitz-

179 1747 504 1790 Moellendorff.
586 1747 650 1789 Ad
696 1748 1041 1791 exercitationes
1090 1749 1447 1805 archaeologicas
1496 1750 1697 1806 Dilthey,

179 1817 417 1860 historicas
461 1816 799 1873 Volquardsen,
858 1817 1034 1860 Indicas
1081 1818 1325 1873 Kielhorn,
1382 1820 1696 1875 grammaticas

180 1886 367 1930 Bechtel
412 1886 600 1942 benigne
648 1887 818 1931 aditum
859 1888 966 1930 mihi
1011 1889 1324 1945 permiserunt.
1401 1890 1489 1933 Per
1521 1890 1588 1933 bis
1621 1906 1699 1933 sex

179 1971 349 2000 menses
382 1956 498 2012 regii
518 1956 846 2014 philologorum
868 1959 1192 2015 proseminarii‚
1224 1959 1340 2015 regii
1362 1959 1588 2002 seminarii
1618 1975 1699 2017 per

178 2033 250 2071 ter
274 2044 351 2071 sex
376 2043 546 2071 menses
570 2029 902 2073 moderantibus
924 2030 1274 2074 WVilamowitzio
1297 2034 1342 2074 et
1363 2031 1511 2074 Leo'ne
1533 2031 1698 2074 sodalis

179 2100 432 2143 ordinarius
464 2100 541 2142 fui.

294 2173 474 2226 Quanta
505 2172 817 2217 benevolentia
849 2189 945 2216 cum
984 2175 1265 2231 professores
1298 2178 1393 2219 tum
1425 2175 1600 2219 sodales
1631 2191 1699 2220 me

177 2243 463 2302 peregrinum
503 2246 638 2299 atque
681 2243 902 2300 hospitem
945 2245 1198 2302 receperint
1238 2250 1284 2289 et
1323 2246 1369 2288 in
1401 2260 1528 2288 sacra
1558 2246 1697 2302 philo-

116 2343 119 2346 ·
178 2314 325 2371 legiae
357 2312 633 2366 admiserint,
666 2328 839 2370 semper
869 2319 1005 2370 grata
1023 2315 1235 2357 memoria
1255 2317 1427 2359 tenebo.
1475 2316 1697 2372 Imprimis

177 2383 389 2426 Udalrico
423 2383 475 2425 de
507 2382 1151 2428 Wilamowitz-Moellendorff
1180 2385 1254 2441 qui
1284 2401 1351 2428 me
1384 2386 1440 2428 ad
1470 2386 1581 2428 hanc
1612 2385 1699 2428 dis-

179 2453 548 2498 sertatiunculam
596 2452 908 2496 conficiendam
954 2454 1163 2498 incitavit
1210 2459 1255 2498 et
1296 2470 1469 2512 semper
1513 2455 1696 2498 consilio

181 2539 258 2567 suo
291 2524 476 2575 adiuvit,
510 2525 605 2565 tum
638 2521 800 2565 Carolo
832 2524 1024 2580 Dilthey
1055 2529 1100 2567 et
1116 2525 1153 2566 F
1157 2524 1348 2567 riderico
1366 2525 1469 2577 Leo,
1504 2524 1698 2580 egregiis

180 2594 562 2635 monumentorum
594 2592 878 2649 antiquorum
910 2594 1258 2651 interpretibus,
1303 2594 1477 2650 gratias
1510 2608 1593 2651 ago
1624 2594 1697 2651 pio

180 2665 401 2719 gratoque
432 2661 576 2704 animo
609 2676 740 2718 quam
770 2663 996 2706 maximas.
