1898 3291
824 195 876 238 13
942 220 993 226 —

84 320 175 361 tam
209 315 329 359 orbis
363 317 592 358 terrarum
624 312 921 368 cognitionem
953 311 998 354 in
1028 327 1149 354 marc
1183 311 1306 355 ultra
1338 311 1511 355 Thulen
1544 327 1609 355 rc-

83 390 360 433 movebatur.
380 404 396 412 ·

199 460 295 502 Iam
338 458 395 501 ad
426 457 548 500 illam
582 457 699 512 Argi
741 456 1105 500 vaticinationem
1151 457 1481 512 aggrediamur.
1544 458 1609 499 1⁴20

86 531 261 589 quidem
291 546 379 572 non
411 528 673 572 offendimus
708 528 823 584 quod
855 530 988 584 pocta
1014 527 1163 583 cpicus
1186 527 1359 583 Argum
1393 527 1509 570 viam
1542 544 1611 569 cx-

92 606 329 660 ponentem
361 600 627 644 introduxit.
684 600 892 642 Habebat
925 599 1037 641 enim
1071 604 1174 643 ante
1198 600 1345 642 oculos
1369 599 1614 656 exemplum

83 673 267 718 Homeri
310 672 589 730 praeclarum
637 671 713 728 qui
759 670 848 714 iter
879 671 1025 713 Ulixis
1059 671 1115 713 ad
1146 671 1314 714 inferos
1347 672 1515 714 factum
1546 672 1613 714 ita

82 749 243 788 narrat
285 748 336 787 ut
375 744 500 801 prius
534 744 661 786 Circe
695 742 839 785 omnia
870 757 981 799 quae
1014 742 1106 785 sint
1137 742 1341 785 facienda
1373 742 1612 786 describat.

81 817 166 860 Hic
205 819 354 859 autem
397 815 450 858 de
495 814 684 871 singulis
732 813 826 857 eius
869 813 1048 856 itineris
1096 813 1212 870 quod
1242 813 1395 870 Argus
1428 814 1608 870 profert

81 888 287 946 partibus
347 886 608 943 diligentius
662 885 973 942 inquirendum
1015 888 1105 929 est:
1158 886 1302 929 multa
1345 886 1460 929 enim
1500 900 1611 943 quac

83 965 185 1004 arto
217 975 333 1003 nexu
366 959 516 1002 vincta
546 974 635 1001 non
667 963 771 1002 sunt
802 958 847 1000 in
879 974 1011 1001 unum
1042 962 1176 1015 poeta
1208 958 1556 1015 comprehendit.

199 1032 268 1074 Ac
299 1031 489 1088 primum
520 1030 696 1088 quidem
728 1029 1124 1073 animadvertimus
1158 1029 1266 1073 haec
1297 1033 1435 1073 verba
1467 1031 1609 1087 Argo,

87 1103 245 1146 Phrixi
278 1109 323 1147 et
357 1103 615 1160 Chalciopes
646 1103 752 1156 filio,
785 1101 989 1156 attribui,
1032 1102 1107 1158 qui
1138 1101 1239 1145 inde
1271 1117 1296 1145 a
1326 1119 1465 1160 puero
1498 1104 1614 1160 apud

88 1175 273 1219 Colchos
307 1176 534 1230 educatus.
568 1190 697 1232 quam
730 1174 961 1217 scientiam
994 1189 1016 1216 e
1048 1173 1215 1216 tabulis
1238 1174 1497 1230 quibusdam
1521 1175 1614 1217 illic

87 1248 282 1292 servatis
302 1248 612 1304 desumpserit,
631 1263 745 1290 nunc
761 1245 1041 1303 Argonautis
1060 1245 1277 1288 enuntiat.
1320 1246 1615 1299 Quamobrem

80 1321 144 1363 sic
175 1321 228 1364 de
261 1320 446 1364 Graecis
480 1323 526 1363 et
559 1320 752 1363 Graecia
783 1319 984 1376 loquitur
1017 1323 1067 1361 ut
1098 1318 1145 1360 in
1178 1334 1243 1362 vs.
1268 1319 1351 1361 257
1385 1319 1495 1376 ὔμμι,
1529 1320 1613 1362 292

85 1393 226 1436 -293
259 1391 448 1450 ὑμετέρῃ,
481 1391 694 1451 ὑμετέρης.
748 1392 946 1435 Primum
977 1395 1212 1434 asseverat
1243 1391 1381 1434 aliam
1413 1407 1510 1435 esse
1541 1407 1615 1435 na-

83 1465 370 1522 vigationem,
404 1480 534 1522 quam
566 1466 821 1509 sacerdotes
856 1465 1108 1507 Thebarum
1130 1464 1470 1521 Aegyptiarum
1495 1481 1614 1508 mon-

85 1541 324 1582 strassent.
359 1538 471 1580 Tum
489 1553 582 1581 rem
602 1538 743 1595 ipsam
766 1554 853 1581 non
874 1537 1029 1580 statim
1055 1537 1251 1594 explicat
1273 1538 1351 1580 sed
1373 1539 1613 1595 permultis

81 1610 233 1654 verbis
267 1609 587 1667 antiquitatem
604 1609 810 1666 Aegypti
833 1608 1026 1651 extollit.
1090 1607 1261 1652 Deinde
1283 1609 1486 1653 declarat
1509 1626 1611 1667 quo-

81 1682 209 1725 modo
256 1682 424 1725 factum
471 1680 532 1723 sit
581 1683 633 1723 ut
673 1680 896 1737 sapientia
938 1679 1220 1723 sacerdotum
1262 1680 1383 1724 inter
1426 1681 1611 1725 Colchos

85 1753 462 1810 pervulgaretur:
495 1767 647 1808 regem
678 1751 792 1795 enim
813 1751 1148 1808 Aegyptiorum
1165 1752 1195 1803 ¹)
1226 1751 1365 1795 fuisse
1390 1753 1464 1810 qui
1486 1769 1610 1797 exer-

80 1826 173 1870 citu
203 1841 361 1883 magno
393 1828 538 1868 totam
568 1825 796 1881 Europam
817 1824 1061 1881 Asiamque
1094 1839 1294 1868 emensus
1329 1825 1389 1868 sit
1417 1826 1605 1870 multas-

81 1913 165 1955 que
198 1899 330 1940 urbes
363 1895 638 1940 condiderit:
672 1910 860 1953 quarum
891 1895 1149 1939 innumero
1175 1896 1315 1939 Aeam
1339 1912 1457 1941 esse:
1489 1898 1605 1942 filios

83 1969 265 2013 illorum
295 1969 545 2026 priscorum
579 1968 623 2024 (i.
648 1984 683 2012 e,
709 1968 910 2022 Colchos)
953 1968 1147 2012 tabellas
1180 1969 1372 2026 scriptas
1406 1985 1613 2014 servasse

85 2041 132 2084 in
164 2042 321 2099 quibus
356 2056 505 2085 omnes
537 2041 635 2085 vias
667 2045 819 2084 terrae
842 2040 1066 2098 marisque
1089 2040 1301 2096 inessent,
1335 2042 1381 2084 in
1403 2057 1512 2100 quas
1534 2059 1615 2087 rex

79 2114 158 2157 ille
180 2114 477 2172 pervenisset.
499 2134 501 2136 ·
523 2114 618 2156 Iam
641 2113 814 2157 demum
833 2113 1000 2170 Argus,
1025 2113 1093 2157 his
1117 2114 1316 2157 omnibus
1339 2115 1611 2172 praemissis,

79 2200 172 2228 rem
205 2185 347 2242 ipsam
370 2185 594 2243 explanat.
657 2186 772 2229 Nam
803 2185 917 2228 illud
952 2186 1033 2228 ἔστι
1055 2187 1097 2228 δέ
1119 2202 1176 2234 τις
1197 2191 1376 2244 ποταμός
1408 2189 1488 2240 (vs.
1507 2188 1608 2241 ⁶282)

78 2257 135 2299 ad
165 2257 269 2301 ’ἐστιν
300 2261 378 2314 γὰρ
410 2260 535 2307 πλόος
567 2258 693 2306 ἄλλος
726 2258 807 2314 (vs,
829 2257 928 2310 259)
959 2257 1093 2300 redit.
1143 2257 1255 2300 Tum
1285 2258 1437 2314 pergit
1452 2259 1608 2315 Argus

80 2328 126 2370 in
156 2328 293 2371 fluvio
331 2329 645 2372 describendo:
688 2329 878 2386 primum
911 2345 1009 2372 eum
1041 2344 1137 2372 esse
1171 2344 1308 2372 cornu
1340 2330 1521 2384 Oceani,
1566 2334 1612 2375 et

78 2399 220 2443 latum
262 2404 308 2444 et
351 2401 644 2458 profundum,
692 2416 850 2445 nomen
891 2401 984 2445 eius
1015 2401 1248 2456 Histrum,
1296 2402 1446 2446 fontes
1488 2403 1613 2447 ultra

77 2470 252 2516 Boreae
284 2472 442 2516 flatum
473 2472 520 2515 in
549 2473 773 2517 montibus
805 2472 1019 2529 Rhipaeis
1054 2489 1175 2516 esse:
1222 2473 1495 2531 aliquamdiu
1526 2490 1612 2518 uno

82 2541 209 2587 alveo
229 2544 524 2601 profluentem
540 2549 712 2589 terram
731 2545 986 2588 immensam
1009 2559 1173 2598 secare,
1197 2544 1370 2602 quando
1390 2548 1538 2589 autem
1559 2543 1617 2589 ad

173 2677 208 2722 1)
236 2676 448 2713 Herodotus
478 2677 614 2723 primus
643 2679 691 2724 (ss
722 2678 802 2722 102)
837 2678 928 2713 haec
954 2678 1129 2714 narravit.
1192 2678 1292 2723 Quae
1317 2677 1535 2714 Eustathius
1563 2677 1609 2714 ad

81 2734 186 2774 Dion.
214 2737 295 2775 Per.
323 2738 340 2774 I
366 2750 401 2785 p.
431 2742 477 2775 80
519 2740 563 2776 de
589 2739 735 2776 tabellis
763 2739 922 2785 profert,
958 2739 1004 2775 ad
1030 2740 1264 2785 Apollonium
1300 2738 1492 2776 referenda
1518 2746 1612 2776 sunt.

86 2799 235 2834 Praeter
259 2799 351 2850 haec
377 2800 477 2836 nulla
501 2801 628 2836 harum
652 2801 859 2837 tabularum
887 2803 1059 2838 memoria
1085 2806 1207 2846 exstat
1224 2814 1338 2847 neque
1355 2802 1500 2838 dubium
1530 2814 1610 2838 esso

77 2859 219 2896 videtur
245 2861 328 2905 quin
354 2862 433 2906 ipse
448 2863 662 2908 Apollonius
689 2874 708 2899 e
735 2874 800 2899 sua
827 2865 949 2910 potius
976 2875 1082 2910 quam
1109 2875 1152 2901 ex
1170 2864 1294 2901 heroic
1315 2875 1336 2901 a
1354 2865 1613 2903 consuetudine

73 2933 118 2961 ea
142 2927 363 2961 commentus
389 2924 448 2961 sit.
