1839 3265
1413 265 1447 288 s

221 317 407 358 vidi-tur.
480 315 588 356 Nam
632 312 842 369 quomodo
888 311 1067 354 tandem
1110 311 1162 354 fit
1206 314 1256 354 ut
1298 308 1449 353 Colchi
1492 323 1630 368 usque
1674 308 1732 353 ad

225 388 432 429 Histriam
492 384 771 442 prnrtrarint
826 383 911 425 nisi
972 383 1088 425 viam
1143 398 1223 440 por
1268 383 1477 426 Histrum
1539 381 1734 438 ingressi

215 462 351 501 sunt?
421 458 491 500 Sic
527 457 819 500 ratiocinatur
852 456 985 498 ctiam
1018 455 1378 511 GrcffckeniusU:
1427 456 1548 497 Auch
1589 455 1732 497 Kalli-

214 532 378 572 machus
412 565 418 571 .
445 564 452 571 .
478 564 485 571 .
572 563 578 571 .
615 534 760 570 wusste
792 542 869 569 ron
902 528 1230 580 (le1·Isterf(zhrt,
1263 542 1306 568 er
1337 527 1441 568 leis-st
1462 527 1528 568 die
1551 526 1733 569 Kolclwr

220 604 334 643 l'olm'
361 603 564 654 yriimlew.
614 599 833 641 immanius
857 603 906 641 ut
934 597 1144 640 concedat
1166 598 1457 653 Argonautas
1490 597 1607 654 apud
1630 596 1730 640 Cal-

215 672 439 713 limurlumi
474 687 551 726 per
581 671 781 725 (flvanvas
816 669 1014 722 rediisse,
1048 668 1114 711 ita
1146 684 1199 711 ex
1230 668 1395 712 scholio
1429 668 1729 725 Apolloniano

214 744 255 784 iu
284 744 292 783 Ι
309 744 439 785 Υὲὶυὲὶ
463 741 682 784 com-ludit
701 741 889 784 alteram
911 741 1173 783 Colchorum
1203 743 1379 797 partem
1410 756 1491 797 per
1521 741 1731 784 Histrum

213 815 300 856 iter
332 814 499 855 fecisse.
561 813 645 854 Sed
677 812 781 854 mihi
813 828 899 854 non
930 814 1251 869 persuaserunt
1283 816 1549 868 argumenta
1579 812 1728 856 docto-

211 901 304 927 rum
339 886 532 927 virorum
565 885 639 941 qui
666 884 980 927 Callimachum
1004 884 1094 926 ullo
1118 884 1293 941 quidem
1323 884 1450 927 modo
1483 884 1551 927 his
1583 884 1629 927 in
1659 899 1728 928 re—

211 959 288 999 bus
322 958 582 1000 montionem
614 957 762 1000 Histri
794 957 984 999 fluminis
1016 956 1175 999 fecisse
1208 959 1480 1000 statuerunt.

325 1047 387 1086 Ac
419 1044 604 1100 primum
638 1044 810 1100 quidem
842 1043 919 1086 isti
952 1043 1221 1086 conclusioni
1251 1046 1493 1100 repugnat,
1538 1048 1589 1086 ut
1620 1043 1727 1086 mihi

212 1115 399 1168 videtur7
434 1117 549 1159 ratio
576 1116 878 1172 grammatica.
941 1116 1050 1158 Dico
1085 1116 1136 1158 de
1169 1115 1320 1158 verbis
1352 1119 1453 1164 τινὲς
1485 1115 1527 1160 δὲ,
1559 1118 1630 1158 καὶ
1659 1119 1724 1158 τὸν

207 1188 359 1243 Ἵστρον
389 1188 632 1231 ἀναπλεῦσαι
664 1204 773 1245 quae
806 1188 907 1231 illos
940 1204 1097 1231 versus
1121 1187 1276 1231 statim
1299 1190 1523 1231 secuntur.
1557 1187 1722 1231 Strabo

210 1276 287 1316 per
320 1265 461 1303 totum
494 1261 633 1302 lorum
665 1264 825 1315 monet,
861 1276 988 1317 quam
1009 1260 1101 1303 late
1133 1263 1416 1303 monumenta
1438 1260 1725 1316 Argonauta-

212 1347 304 1373 rum
337 1332 537 1388 dispersa
569 1333 682 1385 sint⁷
728 1333 861 1376 etiam
904 1332 948 1374 in
991 1332 1098 1375 locis
1140 1347 1165 1374 a
1198 1332 1271 1375 via
1300 1331 1421 1375 inter
1452 1331 1646 1375 Pontum
1677 1334 1724 1375 et

212 1404 484 1446 Thessaliam
504 1404 826 1447 remotissimis.
860 1405 997 1447 Plane
1020 1409 1210 1461 apparet
1231 1404 1378 1447 virum
1400 1404 1539 1458 illum,
1572 1419 1723 1447 rerum

210 1476 604 1532 geographicarum
625 1477 831 1533 peritum,
861 1492 1021 1520 revera
1044 1477 1286 1519 credidisse
1307 1476 1421 1520 talia
1441 1478 1724 1522 monumenta

211 1551 401 1590 exstare.
463 1550 601 1600 Quam
634 1549 689 1591 ad
712 1549 958 1605 opinionem
981 1549 1323 1591 confirmandam
1345 1549 1524 1592 doctum
1543 1551 1723 1606 poetam

208 1623 368 1663 testem
398 1620 598 1663 advocat.
660 1621 782 1677 Ergo
826 1621 1051 1678 opiniones
1086 1621 1346 1664 Callimachi
1377 1621 1430 1664 de
1462 1621 1585 1664 Polis
1624 1635 1722 1664 con-

208 1692 313 1734 ditis
344 1694 506 1748 probat
538 1692 677 1749 iisque
709 1693 798 1736 vim
829 1698 876 1736 at
904 1693 1222 1737 auctoritatem
1252 1694 1429 1738 tribuit.
1503 1693 1721 1737 'Pestimo-

208 1763 278 1804 nio
310 1779 463 1805 verum
495 1763 752 1806 Callimachi
782 1764 920 1806 allato
961 1764 1086 1808 addit
1129 1769 1227 1813 τινὲς
1267 1766 1310 1806 δὲ
1357 1768 1427 1807 καὶ
1465 1779 1546 1807 κτε.
1609 1764 1720 1817 Quis

208 1834 385 1876 tandem
415 1834 486 1890 qui
518 1836 654 1876 verba
684 1834 870 1890 ingenue
902 1835 1095 1892 inspicit,
1131 1852 1220 1879 non
1250 1835 1522 1879 concesserit
1553 1835 1724 1893 aliquid

208 1904 309 1945 novi
341 1904 406 1947 ita
438 1904 618 1947 induci?
678 1906 763 1958 Qui
795 1906 885 1950 sint
918 1910 1017 1954 τινὲς
1049 1908 1105 1959 δὲ,
1137 1906 1207 1949 hic
1238 1906 1408 1950 diserte
1430 1922 1518 1949 non
1539 1906 1718 1950 dicitur.

209 1975 260 2017 Id
290 1976 475 2019 maxime
499 1978 758 2033 quaerimus,
791 1995 894 2021 num
917 1979 1212 2022 Callimachus
1247 1979 1321 2037 qui
1350 1979 1478 2022 modo
1511 1978 1721 2023 laudatus

212 2051 291 2101 est,
325 2048 453 2090 simul
484 2049 528 2091 in
559 2065 738 2093 numero
780 2066 930 2093 eorum
962 2051 1036 2108 qui
1054 2056 1242 2108 propter
1274 2052 1576 2108 ignorantiam
1606 2051 1721 2095 loco-

210 2135 305 2161 rum
336 2120 739 2176 reprehendantur,
787 2123 943 2166 haberi
973 2124 1129 2180 possit.
1190 2124 1403 2168 Profecto
1435 2139 1523 2168 non
1552 2127 1718 2181 potest.

209 2191 329 2246 Ergo
373 2192 489 2235 inter
532 2208 603 2236 eos
649 2194 722 2251 qui
764 2195 816 2237 de
848 2195 1009 2239 itinere
1040 2211 1122 2252 per
1152 2196 1360 2240 Histrum
1391 2196 1511 2240 facto
1543 2196 1719 2239 fabulas

209 2262 508 2316 proferebant,
541 2264 760 2309 Strabone
791 2271 921 2320 teste,
954 2283 1042 2310 non
1072 2267 1160 2311 fuit
1193 2267 1500 2311 Callimachus.

324 2349 433 2390 Tum
477 2365 634 2406 operae
675 2352 869 2407 pretium
910 2356 980 2396 est
1023 2354 1158 2396 etiam
1195 2353 1430 2397 Strabonis
1473 2354 1721 2411 opinionem

210 2419 500 2463 considerare.
562 2421 645 2463 Ille
677 2423 789 2464 enim
823 2423 1006 2467 Colchos
1038 2424 1172 2467 Polas
1217 2425 1466 2468 condidisse
1509 2425 1714 2478 credidit,

209 2504 345 2545 nequo
377 2494 524 2533 tamen
555 2491 676 2535 illam
709 2493 760 2537 de
791 2494 949 2538 Histro
993 2497 1377 2540 narratiunculam
1418 2497 1717 2554 recipiendam

212 2574 304 2601 esse
351 2562 527 2617 putavit
548 2565 591 2617 2).
655 2564 743 2606 Cur
789 2580 875 2608 non
919 2566 1052 2609 etiam
1085 2567 1412 2611 Callimachus?
1479 2568 1719 2612 Rationem

305 2767 338 2809 1)
370 2767 534 2802 Tz'maz'os'
568 2769 690 2816 Geoyr.
730 2771 790 2807 cles
823 2772 982 2809 was-tens
1019 2787 1052 2820 p.
1077 2777 1132 2812 93.
1208 2776 1280 2813 Cfr.
1319 2778 1429 2814 etiam
1463 2778 1645 2824 Seeliger‚
1679 2779 1718 2814 in

209 2824 378 2861 Roschert
403 2829 516 2874 Myth.
542 2830 631 2866 Leoe.

301 2900 336 2944 ρ)
363 2900 432 2935 Cfr.
460 2902 474 2935 1
500 2905 564 2946 46,
592 2906 647 2940 57.
682 2905 766 2941 v111
792 2908 875 2942 317.
