1839 3265
798 182 1080 223 —58—

187 302 341 352 poetae
375 296 502 339 docto
536 296 626 339 tale
650 295 943 352 veriloquium
964 295 1152 339 maxime
1174 296 1408 353 placuerit,
1441 298 1576 351 atque
1606 292 1707 337 hinc

187 369 318 411 ctiam
362 374 551 425 apparet
595 384 671 410 cur
704 367 970 425 Apollonius
1015 368 1211 412 reditum
1241 368 1611 424 Argonautarum
1643 365 1707 410 sic

184 441 531 485 conformaverit
565 446 613 484 ut
648 441 719 484 via
750 457 828 497 per
861 441 1068 483 Histrum
1100 440 1146 483 in
1176 440 1366 483 Adriam
1396 442 1644 496 peteretur.

299 514 425 556 Nunc
457 517 652 556 fortasse
685 517 916 569 exspectas
950 528 1016 555 me
1049 511 1204 556 statim
1235 512 1410 568 longius
1439 525 1705 568 progressu-

188 601 283 627 rum
316 589 361 628 et
393 586 445 628 de
478 576 708 641 Aliollonii
740 584 938 627 fontibus
973 600 1069 627 esse
1102 587 1317 627 acturum.
1395 584 1518 636 Quae
1551 582 1624 625 via
1654 583 1706 625 ut

187 661 308 700 reeta
350 658 413 700 ita
454 657 649 699 difficilis
694 661 740 700 ct
784 658 972 699 obscura
1012 659 1094 698 cst.
1166 655 1275 697 Mihi
1317 655 1459 711 igitur
1502 653 1707 711 persuasi

187 745 325 785 neque
358 746 383 771 a·
401 729 632 786 proposito
665 729 856 771 alienum
888 743 1027 785 neque
1050 727 1209 770 inutile
1242 742 1338 770 esse
1370 742 1465 769 eam
1496 725 1614 769 viam
1644 724 1707 767 in-

182 801 311 857 gredi
342 805 391 845 ut
423 805 565 845 totam
589 801 847 845 litterarum
870 800 1124 843 memoriam
1148 815 1258 856 quae
1281 799 1364 842 huc
1385 798 1585 855 pertinet
1605 812 1706 854 per-

181 889 381 916 censeam
413 891 461 917 ac
494 875 735 931 disponam.
798 874 925 916 Unde
969 888 1098 929 spero
1141 888 1208 914 mc
1250 887 1378 928 quam
1419 870 1606 913 maxime
1648 868 1705 912 ad

184 962 337 989 verum
369 947 413 989 in
445 951 544 990 tota
577 962 708 990 causa
740 945 1031 990 examinanda
1061 960 1340 987 accessurum
1373 959 1481 986 esse.

301 1019 368 1061 Ac
400 1019 589 1076 primum
623 1019 797 1076 quidem
827 1018 961 1060 etiam
996 1016 1189 1060 vetustis
1222 1015 1498 1072 temporibus
1531 1014 1583 1057 de
1614 1013 1704 1055 Me-

184 1090 291 1134 deae
324 1093 469 1134 fratre
500 1108 525 1134 a
557 1107 711 1134 sorore
745 1090 989 1133 crudeliter
1039 1092 1195 1132 necato
1241 1088 1392 1130 fabula
1424 1086 1705 1130 circumfere-

183 1164 326 1205 batur.
380 1164 529 1216 Quare
562 1163 717 1220 procul
747 1162 877 1204 dubio
910 1177 935 1204 a
977 1178 1059 1218 quo
1093 1163 1293 1216 tempore
1325 1158 1521 1201 homines
1553 1157 1706 1213 fugam

183 1235 361 1278 Medeae
394 1252 417 1278 a
450 1239 580 1292 patre
612 1235 848 1292 patriaque
882 1234 1156 1276 enarrabant
1201 1231 1336 1275 etiam
1381 1230 1514 1273 foeda
1542 1228 1704 1272 fratris

184 1307 338 1350 caedes
372 1313 441 1351 est
472 1308 753 1364 pervulgata.
816 1305 1038 1349 Hesiodus
1063 1320 1167 1348 sane
1191 1320 1274 1361 quo
1296 1303 1523 1347 vetustior
1546 1304 1704 1345 auctor

181 1379 379 1422 Medeam
411 1395 498 1421 non
529 1378 914 1431 commemoravit,
948 1377 993 1419 in
1024 1376 1078 1419 iis
1113 1391 1223 1434 quae
1256 1378 1451 1419 aetatem
1482 1374 1701 1425 tulerunt,

183 1451 293 1493 nihil
325 1451 377 1494 de
409 1452 556 1495 fratre
588 1451 733 1494 habet.
796 1450 881 1493 Hic
903 1453 1052 1493 autem
1073 1449 1119 1492 in
1140 1449 1283 1492 tantis
1319 1446 1521 1504 reliquiis
1552 1461 1579 1489 a
1607 1461 1705 1488 con-

185 1523 381 1566 clusione
414 1539 466 1566 ex
500 1523 678 1566 silentio
712 1523 874 1566 effecta
903 1538 982 1565 nos
1015 1521 1332 1565 contineamus.
1394 1520 1524 1562 Inter
1554 1521 1703 1562 aucto-

183 1611 255 1638 res
289 1596 364 1652 qui
395 1599 439 1639 et
471 1595 651 1638 Medeae
692 1596 845 1651 fugam
888 1598 934 1638 et
977 1594 1140 1638 fratris
1180 1597 1371 1637 mortem
1409 1591 1703 1644 rettulerunt,

185 1668 389 1724 princeps
424 1671 493 1711 est
524 1668 821 1724 Pherecydes,
869 1667 954 1724 qui,
999 1671 1117 1710 teste
1150 1665 1393 1709 scholiasta
1424 1664 1470 1706 in
1499 1663 1586 1720 Ap.
1618 1661 1705 1705 Rh.

182 1739 247 1781 IV
279 1740 387 1792 223,
421 1740 506 1782 2⁴28
559 1740 759 1782 Medeam
806 1740 965 1782 Iasone
1022 1738 1202 1781 iubente
1262 1752 1451 1794 parvum
1512 1735 1704 1778 fratrem

186 1827 207 1853 e
239 1811 355 1854 lecto
399 1811 602 1867 rapuisse
643 1814 688 1853 et
729 1811 786 1852 ad
816 1811 1108 1866 Argonautas
1149 1809 1309 1852 tulisse
1341 1802 1702 1862 tradidit:'quos

186 1898 281 1924 cum
326 1882 478 1925 Colchi
517 1886 917 1939 persequerentur,
969 1882 1164 1923 membra
1210 1879 1343 1923 occisi
1384 1882 1430 1922 et
1473 1876 1706 1934 dispertiti

184 1953 312 2010 pueri
360 1954 406 1996 in
450 1955 611 1996 flumen
666 1953 833 1997 iecisse.
922 1953 993 1995 Ex
1048 1952 1115 1995 his
1175 1951 1372 1995 efficitur
1429 1950 1599 1993 facinus
1657 1948 1704 1991 in

186 2026 393 2069 Colchide
438 2041 533 2069 esse
565 2027 732 2069 factum
765 2029 810 2068 et
842 2041 892 2068 00
925 2025 1100 2081 quidem
1133 2023 1316 2067 consilio
1359 2027 1410 2066 ut
1452 2020 1704 2078 persecutio

185 2097 355 2141 Aeetae
385 2097 716 2141 retardaretur.
765 2097 975 2154 Suspicor
1008 2112 1061 2139 ex
1092 2096 1159 2138 his
1182 2094 1481 2150 Pherecydeis
1513 2093 1706 2150 priscam

186 2175 230 2213 01
261 2170 497 2225 genuinam
527 2170 705 2213 fabulae
737 2170 926 2213 formam
958 2169 1143 2212 elucere.
1219 2167 1385 2210 Frater
1418 2166 1533 2210 enim
1563 2165 1610 2208 in
1640 2165 1703 2207 fa—

185 2242 289 2284 bula
320 2243 396 2285 vix
429 2258 506 2285 suo
550 2242 647 2286 iure
688 2244 919 2293 exstabat,
965 2241 1043 2284 sed
1086 2255 1137 2283 ea
1177 2255 1310 2282 causa
1339 2242 1390 2282 ut
1422 2238 1578 2281 caedes
1610 2237 1712 2281 eius.

186 2313 380 2356 moribus
412 2314 594 2357 Medeae
637 2315 857 2358 veneficae
899 2314 1114 2356 scelestae
1155 2311 1469 2354 convenienter
1515 2312 1705 2353 narrata

188 2385 265 2428 hos
298 2402 441 2429 mores
473 2387 660 2429 maxime
692 2387 962 2430 illustraret.

304 2458 416 2500 Tum
456 2458 697 2502 scholiasta
729 2459 880 2502 eodem
920 2458 1016 2501 1000
1047 2471 1156 2514 quae
1188 2455 1359 2498 fuerint
1391 2455 1509 2511 apud
1539 2454 1705 2511 Sopho-

190 2529 298 2571 clem
330 2529 468 2573 docet.
545 2530 599 2572 In
630 2531 797 2573 duabus
830 2529 1090 2586 tragoediis,
1139 2527 1295 2585 quibus
1338 2526 1466 2570 tituli
1496 2527 1706 2583 Κολχίδες

191 2604 236 2643 01
279 2601 439 2643 Σκὺθαι
492 2606 643 2654 era-nt,
716 2618 809 2645 rem
864 2602 1022 2658 tetigit
1065 2603 1220 2657 poeta;
1267 2614 1453 2656 puerum
1495 2598 1571 2655 qui
1616 2597 1707 2640 alia

190 2676 333 2715 matre
366 2687 415 2714 ac
445 2673 601 2716 Medea
632 2679 764 2716 natus
797 2677 937 2726 esset⁷
972 2673 1088 2716 domi
1118 2672 1289 2714 Aeetae
1319 2669 1522 2727 periisse.
1583 2669 1707 2723 Quae

190 2742 235 2784 in
265 2743 521 2786 universum
553 2745 607 2787 ab
639 2745 730 2786 illis
762 2743 1060 2800 Pherecydeis
1104 2758 1192 2786 non
1231 2741 1416 2784 distant.
1477 2741 1705 2784 Hactenus

193 2816 339 2856 autem
372 2814 608 2871 Sophocles
641 2815 821 2859 diversa
851 2816 985 2858 habet
1007 2814 1123 2871 quod
1137 2828 1248 2870 puer
1271 2812 1347 2869 qui
1378 2828 1432 2855 ex
1452 2812 1542 2855 alia
1561 2815 1706 2855 matre

198 2890 427 2942 susceptus
473 2891 540 2929 est
593 2886 709 2930 domi
761 2886 866 2931 navi
904 2885 1096 2931 nondum
1141 2898 1378 2930 conscensa
1436 2882 1706 2929 trucidatur.
1742 2915 1750 2923 ,
