1839 3265
818 172 1102 215 -52-.

208 295 318 336 onim
352 292 576 335 Timaeum
619 290 731 333 talia
771 305 857 331 non
901 287 1146 344 protulisse
1187 302 1326 344 neque
1364 285 1440 329 ille
1473 283 1548 341 qui
1578 282 1725 340 Argo.-

205 368 364 407 nautas
405 379 483 420 per
526 362 731 405 Histrum
775 361 819 402 in
865 358 1054 401 Adi-iam
1098 357 1334 414 navigasse
1376 356 1557 414 putavit
1613 354 1727 398 talia

209 435 458 478 necessario
504 434 670 489 fingere
717 431 918 474 debebat.
981 429 1117 471 Immo
1162 428 1208 470 in
1253 429 1319 472 his
1364 428 1496 485 plane
1538 427 1728 483 apparet

205 507 432 550 consilium
466 505 558 548 cius
589 504 663 561 qui
697 519 742 546 se
774 502 899 545 nulla
930 500 1165 557 praeclara
1207 499 1389 542 heroum
1434 497 1631 554 vestigia
1673 495 1729 539 si-

203 579 340 622 lentio
384 575 805 634 praetei-missurum
849 588 945 615 esse
988 571 1242 628 profitetur.
1310 570 1534 612 Habemus
1580 567 1724 624 igitur

204 651 247 693 in
283 651 363 692 hac.
395 649 447 691 de
480 646 678 690 Eridano
713 648 758 687 et
786 642 1002 686 Rhodano
1036 641 1190 685 fabula
1221 655 1496 698 nequaquam
1529 642 1729 683 veterem

209 723 495 763 obscuramvc
528 733 677 761 rerum
699 713 1110 771 Argonauticarum
1142 712 1410 765 memoriam,
1445 726 1555 768 quae
1586 711 1674 755 nisi
1704 725 1731 754 a

205 797 339 849 poeta
384 791 682 841 retineretur,
739 786 960 829 oblivione
1005 786 1168 828 obruta
1211 788 1342 827 esset.
1432 784 1569 826 Immo
1616 783 1729 826 nihil

210 865 384 922 quidem
427 867 532 907 sunt
562 862 669 905 haec
700 860 787 902 nisi
817 858 1011 902 artificia
1046 860 1228 914 poetae,
1271 855 1346 914 qui
1375 855 1443 900 ita
1476 854 1603 913 quasi
1633 854 1728 899 vin-

206 938 349 980 culum
380 937 499 980 inter
531 934 640 976 duas
680 930 887 975 carminis
919 932 1074 986 partes
1107 927 1260 971 nectit.
1323 926 1390 970 De
1421 926 1621 969 fontibus
1654 925 1728 968 ho·

206 1025 303 1051 rum
335 1010 486 1052 tacent
519 1004 697 1057 scholia,
731 1006 852 1046 tacet
885 1001 1019 1045 etiam
1046 999 1259 1043 memoria
1288 998 1561 1051 litterarum,
1594 999 1729 1054 atque

206 1079 477 1123 recentiores
496 1078 527 1133 ¹)
559 1076 816 1134 quicumque
838 1074 944 1116 haec
965 1075 1159 1128 tangunt
1181 1072 1234 1114 ab
1258 1068 1498 1127 Apollonio
1520 1067 1729 1126 pendent.

204 1151 291 1204 Qui
335 1151 475 1194 multa
518 1148 725 1199 novavit,
774 1145 852 1189 sed
896 1145 962 1188 ita
1008 1146 1207 1197 tantum,
1255 1146 1306 1186 ut
1347 1142 1394 1184 in
1437 1156 1564 1184 suum
1602 1155 1729 1183 usum

207 1222 419 1280 quaedam
450 1225 582 1264 antea
611 1218 734 1261 nullo
766 1219 897 1274 pacto
930 1215 986 1258 ad
1017 1214 1214 1258 fabulam
1245 1212 1599 1270 Argonauticam
1629 1226 1729 1268 per-

206 1293 398 1336 tinentia
429 1293 726 1335 converteret.
789 1288 911 1330 Haec
943 1286 1093 1343 paucis
1127 1285 1397 1328 examinabo.

324 1364 440 1407 Tota
479 1362 682 1406 narratio
723 1361 769 1403 in
810 1359 1015 1403 versibus
1049 1358 1278 1401 592—658
1310 1356 1579 1409 continetur,
1625 1371 1728 1412 quo·

208 1451 305 1478 rum
336 1450 441 1492 pars
474 1434 664 1477 maxima
694 1431 891 1475 fabulam
923 1430 976 1473 de
1011 1429 1292 1472 Phaethonte
1324 1429 1481 1472 refert.
1544 1427 1627 1469 His
1660 1443 1732 1470 ex·

208 1508 382 1565 positis,
421 1508 511 1550 iter
541 1521 622 1563 per
653 1504 900 1547 Eridanum
930 1517 1018 1544 non
1049 1501 1237 1558 amplius
1271 1499 1555 1543 describitur.
1619 1498 1731 1541 Tum

206 1579 332 1634 Argo
364 1578 421 1620 ad
451 1578 611 1620 flumen
638 1576 902 1619 Rhodanum
932 1573 1140 1630 pervenit
1172 1573 1247 1630 qui
1278 1588 1374 1615 cum
1403 1572 1603 1615 Eridano
1634 1571 1728 1613 iun-

205 1650 344 1706 gitur.
404 1648 647 1691 Rhodanus
681 1648 735 1689 ab
769 1645 981 1690 extremis
1015 1644 1176 1695 terris,
1224 1643 1300 1686 ubi
1329 1646 1490 1700 portus
1521 1646 1568 1687 et
1599 1642 1728 1686 sedes

205 1720 362 1764 Noctis
394 1724 511 1773 sunt,
560 1723 708 1762 ortum
739 1718 923 1771 ducens,
969 1716 1039 1759 hic
1069 1715 1293 1772 triplicem
1324 1715 1442 1758 viam
1472 1714 1729 1771 ingreditur

207 1806 429 1848 aquasque
461 1791 506 1833 in
536 1791 756 1833 Oceanum
787 1793 833 1832 et
864 1788 911 1830 in
941 1802 1062 1830 mare
1095 1786 1268 1829 lonium
1299 1789 1345 1829 et
1376 1786 1422 1828 in
1453 1786 1596 1829 sinum
1627 1785 1730 1828 Sar-

207 1864 335 1905 doum
365 1862 521 1905 mittit.
584 1862 757 1904 Heroes
779 1860 862 1902 huc
883 1858 1115 1916 progressi
1146 1858 1268 1900 lacus
1292 1857 1520 1900 Celtarum
1551 1857 1730 1900 intrant

208 1935 281 1991 qui
313 1935 479 1977 exitum
510 1934 555 1976 in
587 1934 806 1976 Oceanum
841 1932 1019 1974 habent.
1089 1930 1231 1982 Quam
1273 1929 1391 1973 viam
1434 1928 1730 1987 periculosam

205 2006 433 2058 iniissent,
480 2006 567 2048 nisi
612 2005 721 2047 Iuno
755 2019 781 2046 a
813 2003 992 2060 scopulo
1024 2001 1252 2058 Hercynio
1300 2016 1461 2058 magna
1501 2015 1608 2044 voce
1655 2015 1728 2043 eos

207 2078 438 2120 arcuisset.
514 2077 663 2131 Quare
713 2076 829 2119 viam
880 2077 1138 2131 repetentes
1180 2089 1261 2130 per
1304 2073 1456 2116 Celtas
1503 2076 1549 2115 et
1594 2071 1728 2127 Ligu-

205 2164 276 2191 res
322 2164 458 2205 usque
505 2148 561 2190 ad
606 2161 726 2189 mare
762 2145 1048 2202 Tyrrhenum
1089 2159 1265 2187 cursum
1296 2147 1465 2187 tenent.
1529 2142 1602 2186 Sic
1632 2142 1729 2185 fere

204 2220 483 2276 Apollonius.

318 2292 382 2333 Ut
412 2291 499 2332 iam
530 2289 682 2332 videas
716 2287 858 2345 qualis
893 2287 953 2330 sit
984 2286 1215 2342 regionum
1247 2285 1414 2342 species
1438 2300 1568 2342 quam
1591 2284 1729 2342 Apol-

206 2360 349 2403 lonius
383 2362 525 2403 animo
557 2360 810 2417 conceperit
842 2359 1019 2402 initium
1040 2373 1066 2400 a
1087 2374 1223 2401 versu
1240 2358 1325 2400 630
1355 2357 1614 2414 capiendum
1645 2358 1728 2399 est.

208 2431 314 2473 Cum
358 2431 472 2475 dixit
504 2432 650 2475 fontes
684 2433 738 2473 ab
771 2430 982 2474 extremis
1009 2429 1150 2472 terris
1173 2444 1312 2486 prope
1333 2431 1492 2486 portus
1525 2433 1572 2472 et
1603 2427 1729 2472 sedes

206 2503 361 2545 Noctis
395 2519 517 2557 esse,
551 2518 643 2545 rem
677 2502 761 2545 sibi
791 2501 1019 2564 ita-'finxit
1053 2501 1180 2558 quasi
1209 2500 1451 2543 Rhodanus
1485 2500 1540 2542 ab
1571 2499 1728 2542 ultimo

208 2574 433 2617 occidente
463 2574 716 2630 profectus,
763 2573 879 2616 circa
920 2587 1015 2616 eam
1046 2572 1274 2628 regionem
1304 2571 1380 2614 ubi
1412 2571 1535 2614 lacus
1569 2569 1730 2613 Celtici

209 2645 286 2688 siti
318 2650 434 2698 sunt,
466 2645 511 2687 in
540 2650 636 2687 tres
668 2650 821 2701 partes
855 2644 1085 2687 dividatur
1116 2658 1303 2703 quarum
1333 2657 1421 2684 una
1450 2656 1574 2684 mare
1606 2640 1722 2697 Tyr-

209 2715 392 2758 rhenum
426 2718 511 2772 (est
542 2716 682 2772 igitur
715 2716 976 2771 Rhodanus)
1007 2714 1155 2757 altera
1197 2728 1319 2756 mare
1358 2713 1530 2756 Ionium
1562 2713 1626 2771 (id
1658 2715 1729 2757 est

306 2884 341 2928 1)
369 2883 582 2928 Apollodori
609 2883 714 2927 Bibl.‚
742 2883 894 2920 Tzetzes
921 2883 977 2919 ad·
995 2883 1268 2930 Lycophronem
1297 2885 1372 2919 175.
