1898 3291
49 332 148 361 nem
179 317 386 360 carminis
420 317 673 360 instruendi
696 318 906 374 pertinet.
954 317 1077 372 Ergo
1109 321 1159 359 ut
1189 317 1301 360 talia
1332 317 1377 359 in
1405 333 1569 374 genere

49 389 260 446 loquendi
302 388 602 445 Apolloniam)
647 388 917 446 exquirendo
960 391 1006 431 et
1049 388 1095 430 111
1141 389 1349 431 universo
1393 389 1568 445 ingenio

53 463 213 518 poetae
243 460 513 504 illustrando
555 461 703 517 magni
748 460 958 503 momenti
989 462 1104 512 sunt,
1139 460 1204 503 ita
1244 460 1288 502 in
1331 461 1411 502 hac
1443 476 1571 518 quac-

50 532 195 576 stione
239 547 348 590 quae
391 532 448 575 ad
487 548 638 576 rcrum
668 532 987 576 tractationem
1030 532 1230 588 pertinet
1275 533 1405 588 parvi
1438 533 1572 576 aesti—

49 604 210 648 manda
241 608 358 648 sunt.

166 676 276 719 Alia
309 676 523 734 quaedam
567 676 824 732 fragmenta
868 690 978 733 quae
1025 676 1081 719 ad
1111 677 1478 732 Argonautarum
1510 678 1572 720 hi-

53 748 242 792 storiam
273 747 568 792 Schneiderus
601 748 807 801 rettulit,
855 764 957 790 num
998 748 1079 790 11110
1121 752 1242 791 recte
1288 749 1435 793 relata
1466 750 1570 803 sint,

52 820 362 864 dubitaverim.
451 820 651 863 Primum
694 820 807 862 illud
848 819 1057 877 Κόλχιδος
1103 820 1150 862 ἐκ
1193 823 1387 878 καλάμης
1439 821 1572 878 (apud

54 892 370 936 Schneiderum
401 893 502 949 265)
545 892 639 936 sive
670 892 869 935 affirmas
903 892 996 934 sive
1029 893 1219 948 denegas
1253 893 1305 935 de
1336 894 1473 950 pallio
1506 894 1572 936 Ia-

57 964 175 1008 sonis
209 964 509 1022 accipiendum
541 980 662 1019 esse,
704 968 804 1008 tcta
836 964 1036 1021 quaestio
1069 964 1114 1006 in
1146 965 1328 1008 incertis
1351 970 1571 1010 versatur.

57 1038 169 1080 Tum
216 1037 535 1091 Callimachus,
579 1040 698 1080 teste
737 1037 890 1093 Etym
933 1037 1048 1092 Mag.
1091 1052 1130 1093 p.
1166 1038 1233 1089 72,
1266 1038 1292 1079 8
1337 1025 1434 1093 (est.
1455 1039 1571 1093 frag.

56 1110 158 1164 324)
190 1110 346 1167 Halyn
377 1115 423 1154 et
454 1110 552 1152 Irin
581 1125 714 1152 unum
742 1109 936 1163 fluvium,
969 1109 1235 1165 Apollonius
1268 1110 1315 1151 H
1346 1111 1442 1163 367,
1477 1112 1572 1164 963,

55 1183 164 1225 duos
197 1198 294 1225 esse
327 1182 503 1225 statuit.
583 1181 690 1224 Cum
721 1185 855 1238 poeta
884 1181 1085 1224 Rhodius
1130 1181 1210 1224 hoc
1241 1181 1335 1224 loco
1367 1197 1439 1224 res
1472 1197 1573 1237 geo-

52 1254 313 1312 graphicas,
358 1270 446 1297 non
488 1254 716 1297 fabulares
760 1254 1000 1310 respiciat,
1047 1269 1187 1311 neque
1220 1253 1265 1295 in
1296 1253 1364 1296 his
1397 1254 1572 1310 quidem

53 1342 149 1369 cum
187 1326 456 1369 Callimacho
504 1326 755 1369 consentiat
798 1325 854 1367 ad
895 1325 1175 1382 propositum
1223 1325 1334 1367 nihil
1389 1325 1574 1369 adiuvat

53 1399 161 1442 haec
191 1399 478 1456 comparatio.
540 1398 741 1455 Denique
775 1398 996 1442 distichon
1026 1398 1139 1440 illud
1170 1397 1287 1454 apud
1309 1397 1575 1441 Strabonem

52 1471 192 1515 XVII
221 1472 306 1514 837
350 1474 434 1525 (est
466 1471 581 1527 frag.
603 1471 700 1524 112)
746 1470 861 1527 quod
903 1473 973 1513 est
1011 1470 1064 1513 de
1096 1470 1243 1512 insula
1272 1470 1461 1526 primum
1477 1470 1575 1513 Cal—

53 1543 182 1598 liste,
230 1546 389 1600 postea
421 1543 569 1586 Thera
601 1543 745 1597 dicta,
794 1559 815 1585 e
848 1542 1041 1585 carmine
1074 1542 1354 1598 desumptum
1386 1557 1482 1585 esse
1513 1542 1576 1585 vi-

54 1608 186 1659 detur
218 1616 334 1673 quod
366 1616 567 1672 Cyrenas
615 1615 816 1658 conditas
862 1615 1010 1671 potius
1045 1629 1175 1671 quam
1205 1614 1399 1657 reditum
1429 1614 1575 1671 Argo-

64 1691 303 1732 nautarum
335 1686 595 1731 celebravit.

79 1752 82 1754 v
170 1759 456 1816 Fragmentis
473 1758 794 1813 Callimacheis,
830 1773 940 1815 quae
959 1758 1016 1800 ad
1037 1757 1315 1814 propositum
1333 1757 1574 1814 pertinent,

58 1847 112 1874 ex
145 1832 300 1874 ordine
331 1831 611 1888 percensitis,
646 1846 728 1887 par
761 1833 831 1873 est
861 1831 1051 1872 formam
1081 1829 1288 1871 carminis
1320 1829 1392 1872 vel
1424 1828 1578 1871 carmi-

56 1920 159 1946 num
202 1903 248 1946 in
293 1904 451 1960 quibus
499 1904 551 1947 de
593 1902 744 1946 reditu
783 1902 862 1946 illo
907 1903 1138 1959 agebatur,
1184 1901 1431 1957 designare.
1516 1901 1580 1944 Et

56 1977 247 2034 primum
277 1977 360 2019 hae
400 1976 616 2033 reliquiae
661 1975 909 2032 opinionem
948 1975 1229 2030 redarguunt
1262 1973 1577 2016 Callimachum

56 2049 182 2094 velut
212 2053 389 2106 poetam
422 2049 591 2106 epicum
623 2048 818 2092 reditum
849 2047 1023 2090 Iasonis
1061 2047 1158 2090 fuse
1191 2061 1241 2089 ac
1271 2047 1445 2103 copiose
1477 2061 1578 2088 nar-

55 2136 193 2164 rasse.
264 2121 379 2164 Nam
410 2121 491 2163 illa
522 2121 676 2164 caedes
709 2120 894 2173 fratris,
946 2135 1074 2177 quam
1105 2119 1261 2162 Medea
1298 2118 1415 2161 domi
1455 2119 1575 2171 fecit,

58 2194 175 2249 apud
197 2193 514 2236 Callimachum
546 2193 661 2236 sicut
692 2192 809 2249 apud
830 2191 1090 2248 Euripidem
1121 2206 1253 2232 unum
1285 2190 1450 2233 duosve
1481 2205 1578 2233 Ver-

56 2264 129 2309 sus
172 2265 387 2322 postulat.
459 2265 570 2307 Tum
610 2265 666 2307 ad
697 2264 815 2308 viam
860 2278 989 2320 quam
1020 2263 1314 2319 Argonautae
1357 2277 1438 2318 per
1470 2262 1578 2304 Pro-

55 2337 283 2394 pontidem
326 2340 570 2380 tenuerunt
615 2337 931 2388 definiendam,
979 2335 1090 2377 nihil
1137 2338 1207 2378 est
1253 2350 1329 2376 cur
1372 2349 1578 2390 magnum

58 2423 235 2452 carmen
273 2424 498 2466 ponamus.
573 2409 744 2451 Deinde
788 2423 883 2450 cum
924 2407 993 2449 illi
1024 2422 1180 2449 versus
1213 2406 1266 2448 de
1296 2406 1484 2462 Ana-phe
1515 2406 1579 2447 in-

55 2480 154 2523 sula
200 2481 257 2523 ad
302 2484 472 2524 rectam
513 2495 539 2523 a
568 2481 713 2523 Ponto
759 2480 805 2522 in
837 2478 1115 2521 Thessaliam
1159 2478 1277 2521 viam
1323 2492 1410 2519 non
1441 2476 1579 2533 perti-

57 2555 215 2606 neant,
263 2553 559 2596 concludimus
606 2553 762 2595 heroes
811 2551 928 2608 apud
960 2550 1276 2593 Callimachum
1319 2549 1453 2592 etiam
1498 2564 1579 2606 per

57 2639 179 2668 mare
209 2624 438 2681 Aegaeum
471 2639 660 2668 errasse.
725 2623 880 2666 Omnia
922 2622 1097 2679 quidem
1127 2621 1270 2664 adhuc
1300 2623 1504 2664 tractata
1535 2620 1581 2663 in

59 2697 168 2739 fines
200 2697 328 2739 unius
361 2697 569 2740 carminis
602 2696 724 2739 facili
744 2695 923 2752 negotio
948 2695 1160 2738 includas.
1222 2693 1424 2750 Denique
1456 2692 1580 2735 illam

59 2767 296 2812 historiam
326 2769 379 2812 de
410 2769 533 2811 Polis
582 2768 772 2812 conditis
803 2767 850 2810 in
891 2767 1059 2810 duobus
1092 2765 1293 2809 distichis
1328 2764 1580 2808 absolutam

62 2855 159 2884 esse
203 2840 341 2885 vide's.
419 2841 575 2884 Omnia
605 2841 747 2897 igitur
778 2840 941 2883 indicia
971 2855 1050 2882 1105
1083 2838 1318 2882 deterrent
1350 2837 1580 2895 quominus

61 2912 330 2956 Callimacho
346 2927 553 2969 magnum
570 2928 745 2957 carmen
774 2913 847 2957 vel
863 2927 1023 2969 magna
1052 2911 1247 2955 carmina
1263 2910 1576 2954 attribuamus.

1238 2985 1262 3026 3
1281 2986 1301 3009 >k
