1898 3291
699 231 751 236 —
812 204 861 248 51,
929 233 979 237 -—

81 334 210 363 voces
252 315 458 362 Sirenum
499 319 698 363 audiret:
751 337 845 363 eum
888 326 1032 365 autem
1075 338 1152 378 per
1187 322 1401 365 Venerem
1436 322 1596 378 Erycis

81 391 243 435 montis
291 391 416 434 deam
457 407 509 434 ex
555 392 683 434 undis
725 397 951 435 servatum
995 408 1103 445 esse,
1156 397 1204 435 ut
1236 393 1495 448 Lilybaeum
1540 395 1600 436 in-

84 462 268 506 coleret.

206 533 261 576 In
291 533 358 576 his
390 534 571 577 heroum
603 535 896 578 monumentis
932 537 1237 578 enumerandis
1271 542 1400 592 poeta
1434 537 1603 579 omnino

84 620 108 649 e
139 605 319 649 Timaeo
350 606 528 662 pendet.
590 607 658 649 De
689 606 902 649 Aethalia
934 606 1018 649 iam
1052 609 1189 650 verba
1234 608 1316 649 feci
1358 623 1494 664 neque
1537 624 1601 649 me

85 691 194 733 opus
236 679 306 719 est
348 691 442 720 rem
485 681 628 720 actam
671 692 816 733 agere.
889 677 997 719 Tum
1037 678 1089 719 do
1129 678 1330 719 versibus
1377 680 1601 721 (Ἀθ-4353

86 748 373 792 Geffckenius
407 748 573 791 statuit
615 763 716 790 aras
749 748 794 790 in
826 748 981 790 insulis
1018 748 1335 791 Stoechadihus
1376 749 1431 791 ad
1462 749 1603 790 imita-

84 820 250 864 tionem
273 820 419 863 cultus
439 819 801 876 Tyndaridarum
822 822 1074 862 exstructus
1097 835 1191 861 esse
1213 836 1335 875 quem
1356 819 1557 861 Timacus
1574 819 1603 873 ¹)

37 953 41 956 ἡ
86 895 326 936 memorat:
371 906 482 948 quae
522 894 644 934 recte
692 890 884 933 sensisse
932 890 1215 933 (ieffckenius
1260 891 1361 931 mihi
1410 890 1598 932 videtur.

88 962 307 1015 Quoniam
339 963 453 1006 enim
484 963 591 1006 haee
621 963 786 1006 mentio
820 977 1045 1005 sacrorum
1078 962 1123 1003 111
1142 962 1424 1017 Tyndaridas
1459 961 1602 1003 obiter

86 1037 265 1077 tantum
297 1050 393 1077 011111
414 1034 577 1077 ceteris
601 1034 834 1076 coniuncta
856 1037 937 1085 est,
972 1047 1058 1073 non
1090 1032 1264 1074 dubium
1299 1036 1367 1074 est
1399 1031 1501 1087 quin
1536 1031 1603 1073 hic

88 1105 223 1148 etiam
254 1110 409 1162 poeta,
457 1109 508 1148 ut
539 1120 768 1148 numerum
798 1109 1176 1147 monumentorum
1209 1107 1414 1157 augeret,
1458 1102 1602 1158 copias

88 1175 260 1219 Timaei
290 1176 558 1220 adhibuerit.
629 1176 829 1232 Denique
863 1174 1058 1217 fabulam
1091 1173 1143 1216 de
1175 1174 1323 1228 Eryce
1356 1174 1452 1226 (912
1471 1176 1604 1229 seqq.)

90 1251 282 1295 Veneris
315 1253 362 1293 et
392 1251 537 1292 Butae
570 1248 660 1290 filio
695 1262 805 1304 quae
837 1247 971 1290 etiam
1013 1245 1129 1301 apud
1160 1245 1405 1287 Diodorum
1438 1244 1518 1299 (IV
1538 1246 1605 1296 23,

88 1323 160 1378 83)
192 1321 421 1378 reperitur
453 1320 570 1377 apud
602 1319 828 1361 Timaeum
873 1317 1011 1359 fuisse
1053 1331 1134 1372 pro
1177 1316 1407 1371 explorato
1454 1315 1607 1357 haberi

86 1396 240 1452 potest
257 1396 298 1447 2).

94 1484 105 1490 ‘
207 1465 331 1518 Quae
364 1479 460 1506 011111
490 1462 557 1505 ita
587 1461 701 1513 sint,
748 1459 892 1502 lucide
925 1462 1125 1515 apparet,
1161 1456 1275 1513 quod
1307 1456 1440 1499 etiam
1471 1456 1608 1497 verba

92 1537 286 1595 Ἀργῴης
317 1538 510 1591 περιώσια
541 1537 703 1590 σήματα
734 1535 830 1589 νηός
871 1529 1165 1586 profitentur,
1206 1526 1491 1583 Apollonium
1529 1539 1608 1581 per

95 1608 207 1651 hano
237 1605 446 1651 carminis
476 1607 654 1661 partem
678 1602 904 1644 Timaeum
934 1614 1087 1657 presse
1114 1603 1311 1641 secutum
1334 1612 1441 1639 esse.
1484 1596 1610 1638 Nunc

98 1679 273 1737 quidem
317 1677 457 1720 multo
501 1675 642 1731 magis
684 1676 824 1730 patet,
873 1687 950 1714 cur
981 1669 1248 1727 Apollonius
1295 1669 1341 1710 in
1383 1667 1609 1710 erroribus

95 1753 465 1808 Argonautarum
495 1745 785 1803 depingendis
826 1744 932 1786 haec
963 1743 1015 1785 de
1047 1742 1160 1784 mari
1192 1738 1452 1784 occidentali
1485 1737 1608 1780 omit-

95 1826 194 1867 tere
235 1837 323 1864 non
362 1818 577 1877 potuerit.
649 1817 719 1859 Ibi
762 1815 876 1858 enim
920 1815 1163 1870 scriptores
1207 1813 1423 1854 Homerus
1462 1812 1507 1851 et
1539 1807 1611 1850 Ti-

93 1908 266 1946 maeus,
309 1892 384 1949 qui
427 1889 701 1933 auctoritate
745 1886 933 1929 multum
978 1884 1212 1936 valebant,
1256 1880 1614 1938 praeclarissima

94 1967 466 2023 Argonautarum
495 1964 778 2009 monumenta
807 1958 1130 2001 monstrabant.

836 2182 891 2226 V.

560 2303 633 2345 DE
666 2298 912 2343 TRIPLICI
943 2295 1162 2339 FLVVIO.

213 2421 430 2475 Quoniam
450 2419 502 2462 de.
528 2416 740 2460 universa
763 2413 936 2456 ratione
961 2425 1069 2468 quae
1089 2409 1134 2451 in
1156 2409 1286 2450 rebus
1309 2403 1614 2462 geographicis

98 2494 219 2537 inter
242 2493 471 2535 Timaeum
497 2492 543 2532 et
564 2485 853 2545 Apollonium
874 2481 1113 2525 intercedit
1135 2482 1280 2522 actum
1303 2480 1383 2528 est,
1410 2475 1464 2517 ad
1489 2487 1614 2530 quae-

101 2565 291 2609 stionem
319 2562 453 2620 paulo
486 2557 830 2604 reconditior-em
861 2557 1153 2598 transeamus.
1232 2548 1427 2590 Primum
1469 2547 1615 2586 autem

75 2652 189 2700 ⁸quo
221 2635 404 2680 consilio
437 2634 595 2676 ductus
628 2632 761 2688 poeta
791 2628 880 2670 iter
911 2641 992 2682 per
1015 2622 1259 2666 Eridanum
1292 2623 1337 2662 et
1357 2615 1616 2660 Rhodanum
1641 2669 1646 2672 Ι

104 2708 189 2753 sibi
208 2707 404 2761 finxerit,
437 2719 605 2750 summa
625 2699 947 2760 probabilitate
979 2692 1201 2739 enucleari
1230 2692 1392 2748 potest.
1446 2686 1612 2729 Scimus

203 2858 239 2902 1)
265 2855 371 2902 Ap'ud
399 2854 501 2891 Diod.
529 2853 596 2888 Sic.
624 2852 674 2887 IV
702 2852 756 2886 56.

200 2920 237 2964 2)
262 2919 352 2954 Rem
377 2915 538 2952 excussit
563 2913 713 2949 Bethius
747 2910 888 2954 Quaest.
915 2904 1023 2941 Diod.
1051 2899 1328 2948 mythofflaphae
1351 2906 1432 2941 pag.
1462 2896 1517 2929 35.

1143 2961 1147 2965 ,
1234 2961 1262 3001 4
1277 2962 1297 2984 *
