1898 3291
711 187 996 228 -63-

94 315 150 344 ex
179 299 370 344 Nereide
401 305 685 357 procreatum
720 318 829 345 esse.
891 302 939 343 Si
971 303 1239 358 scripturam
1269 304 1605 346 istun-ontianmn

95 370 176 428 (ἢν)
207 370 430 428 ponimus,
478 375 572 415 tum
604 378 737 429 poeta
765 374 811 416 in
842 374 1128 429 sequentibus
1160 375 1270 415 unde
1303 378 1406 416 mita
1442 375 1501 417 sit
1535 375 1609 416 ilia

96 441 256 485 Nereis
289 441 496 498 explicat.
574 444 621 486 Si
665 450 822 488 contra
861 445 1050 487 alteram
1095 447 1327 487 verborum
1363 445 1609 486 memorium

93 516 409 571 praeoptamus
443 516 531 572 (τὴν
566 516 633 572 δ’),
667 520 761 558 tum
792 516 925 571 Idyia
956 520 1099 559 mater
1132 517 1310 559 Medeae
1343 517 1608 572 appellatur.

94 583 206 626 Mihi
235 583 411 641 quidem
442 585 658 629 adverbia
689 587 795 643 ἄρτι,
840 592 926 643 πρίν
958 588 1225 644 scripturam
1258 591 1326 643 τὴν
1359 588 1391 628 δ’
1426 588 1609 629 maxime

97 656 358 700 confirmare
391 656 600 702 videntur
614 658 657 714 ¹).
719 659 976 703 Particulac
1008 660 1120 701 enim
1161 674 1387 716 quamnam
1420 659 1507 701 vim
1541 659 1610 700 ha-

95 728 231 772 beant
262 728 350 771 nisi
382 728 498 786 quod
531 729 862 773 distinctionem
907 733 951 773 et
985 731 1109 787 quasi
1154 730 1471 787 oppositionem
1504 734 1610 771 tem-

100 815 257 857 porum
289 801 500 854 indicent,
533 802 650 844 haud
680 802 912 859 perspicio.
973 802 1044 845 Sic
1077 803 1239 858 optime
1271 806 1399 858 pocta
1431 816 1610 857 puerum

97 876 208 916 natu
237 872 464 926 minorem,
497 872 698 916 Medeam
738 873 937 917 adultam
969 889 1085 926 esse,
1133 876 1366 915 monstrat.
1430 872 1610 924 Contra,

97 958 256 1001 parum
288 949 393 1002 apte
425 945 634 988 adiuncta
666 949 816 988 essent
847 945 1112 1003 temporalia
1143 951 1275 1002 atqiu¹
1308 944 1466 995 otiosa,
1501 944 1537 984 si
1570 943 1613 985 in

98 1015 248 1059 verbis
281 1016 392 1058 nihil
424 1020 494 1060 est
525 1017 611 1060 nisi
641 1033 728 1060 una
760 1017 984 1060 sententia
1014 1017 1152 1058 filium
1183 1032 1235 1058 ex
1268 1015 1480 1066 Nereide,
1530 1015 1613 1056 Ne·

99 1088 268 1131 reidem
299 1091 447 1132 autem
479 1105 532 1132 ex
562 1089 696 1145 Idyia
727 1092 1009 1146 procreatam
1041 1103 1148 1131 esse.

215 1160 310 1202 Iam
341 1160 398 1202 ad
428 1160 550 1203 illam
582 1160 700 1203 inter
724 1160 890 1203 scholia
922 1165 966 1203 et
983 1161 1222 1202 Homerum
1245 1158 1615 1214 cmuparationeln

102 1236 396 1274 revertamus.
489 1232 585 1274 Hoc
631 1231 842 1274 scholium
891 1232 1110 1287 Σοφοκλῆς
1154 1231 1333 1285 Νέαιραν
1399 1232 1491 1285 μίαν
1541 1236 1615 1269 τῶν

103 1301 324 1359 Νηρηίδων
356 1317 452 1345 cum
484 1303 629 1346 altero
657 1303 748 1345 ἀλλ’
774 1302 794 1344 ὁ
817 1306 887 1359 μὲν
909 1302 1116 1358 Νηρηίδος
1148 1303 1389 1355 ,exactas-mv
1420 1300 1485 1342 ita
1507 1314 1617 1341 com-

100 1389 266 1431 ponere
297 1374 404 1418 licet
436 1380 486 1418 ut
517 1375 564 1417 in
595 1375 726 1418 dubio
760 1389 856 1417 esse
887 1390 974 1417 non
1005 1373 1149 1430 possit
1181 1372 1285 1429 quin
1317 1371 1433 1428 apud
1454 1371 1616 1427 Sopho-

101 1446 212 1489 clem
241 1446 421 1490 Neaera
451 1450 596 1490 mater
618 1448 789 1490 Aeetae
819 1446 902 1488 filii
933 1446 1085 1488 fuerit.
1148 1445 1212 1487 At
1244 1444 1360 1500 apud
1380 1443 1620 1486 Homerum

98 1519 278 1563 Neaera
319 1518 620 1562 Phaethusam
666 1519 856 1576 peperit.
944 1518 993 1560 Si
1032 1520 1175 1560 mater
1217 1515 1494 1558 Phaethusae
1539 1519 1620 1566 est,

101 1608 181 1636 cur
212 1608 299 1635 non
331 1592 467 1636 etiam
497 1592 828 1636 Phaethontis?
889 1591 970 1635 Vis
1004 1588 1253 1646 argumenti
1286 1588 1332 1630 in
1362 1602 1412 1630 eo
1443 1586 1621 1643 potissi-

101 1679 218 1707 mum
249 1664 368 1707 inest
400 1663 516 1721 quod
547 1664 725 1707 Neaera
765 1665 844 1706 aut
887 1678 941 1705 ex
973 1661 1074 1704 Sole
1107 1664 1185 1704 aut
1217 1675 1270 1703 ex
1301 1658 1417 1702 Solis
1449 1658 1540 1700 filio
1572 1657 1622 1699 li-

103 1737 235 1779 beros
267 1735 459 1793 peperit.
520 1734 609 1778 Sed
640 1735 693 1778 de
724 1733 941 1791 Sophocle
973 1732 1098 1776 satis.

219 1808 348 1851 Nunc
379 1807 436 1850 ad
466 1807 601 1851 istam
630 1806 818 1850 nominis
852 1804 1153 1848 differentiam
1182 1803 1297 1846 unde
1328 1802 1411 1844 huc
1432 1800 1623 1858 digressi

102 1895 275 1933 sumus,
320 1883 618 1924 revertamur.
689 1877 892 1922 Vidimus
937 1877 1077 1919 filium
1107 1876 1279 1918 Aeetae
1310 1873 1437 1916 modo
1468 1887 1624 1914 nomen

103 1951 360 2008 Apsyrtum
400 1955 479 1994 aut
510 1949 766 2006 Axyrtum,
799 1948 927 1990 modo
968 1946 1303 1998 Phaethontem,
1347 1949 1442 1987 tum
1484 1942 1623 1985 Meta-

101 2023 316 2080 pontium,
349 2022 538 2080 denique
568 2037 726 2064 nomen
757 2021 926 2064 nullum
940 2019 1114 2063 tulisse.
1177 2017 1264 2060 Sed
1294 2016 1383 2059 alia
1412 2014 1624 2058 memoria

74 2138 77 2139 γ
105 2110 243 2153 eaque
261 2094 373 2138 satis
390 2097 584 2148 vetusta,
599 2095 764 2136 exstat.
796 2092 995 2134 Primum
1009 2088 1354 2142 Diodorus,loco
1373 2086 1503 2143 paulo
1519 2088 1623 2128 ante

104 2168 244 2212 citato
277 2167 363 2222 (IV
380 2167 466 2223 45),
489 2182 578 2210 non
596 2166 738 2209 solum
756 2165 915 2208 Circen
930 2164 1213 2219 Medeamque
1236 2160 1314 2204 sed
1334 2159 1467 2202 etiam
1486 2157 1624 2199 filium

105 2240 300 2295 Aeetae,
343 2240 420 2296 qui
449 2255 607 2283 nomen
637 2239 902 2295 Aegialeum
934 2236 1118 2288 tulerit,
1165 2234 1365 2276 Hecaten
1395 2229 1622 2287 peperisse

103 2312 262 2357 tradit.
338 2311 452 2354 Tum
483 2312 638 2356 Cicero
679 2311 726 2353 in
770 2311 887 2354 libro
934 2309 988 2352 de
1018 2308 1198 2351 Natura
1227 2306 1421 2348 Deorum
1462 2302 1517 2357 (3,
1547 2301 1621 2355 48)

103 2385 167 2428 sic
200 2383 407 2441 scripsit:
442 2386 543 2438 quid
574 2385 748 2427 IMedeae
769 2382 1050 2436 respondebis,
1083 2393 1186 2434 quae
1215 2378 1369 2421 duobus
1396 2375 1497 2427 aris,
1530 2373 1624 2415 Sole

104 2461 144 2500 et
167 2457 341 2509 Oceano,
372 2458 504 2501 Aeeta
528 2461 666 2511 patre,
698 2461 832 2499 onatre
864 2455 989 2509 Idyia
1017 2455 1237 2507 proco-eata
1259 2449 1354 2491 est?
1414 2447 1521 2499 Quid
1550 2445 1623 2486 lm·

204 2612 236 2656 1)
262 2610 329 2646 Th.
347 2611 537 2656 Bergkius,
563 2611 622 2656 qui
651 2610 760 2645 verba
785 2609 821 2644 in
847 2618 972 2644 versus
998 2605 1170 2641 iambicos
1196 2601 1359 2645 redigere
1378 2602 1527 2633 conatus
1555 2599 1620 2637 est,

103 2668 223 2704 Index
260 2670 333 2705 leet.
361 2669 479 2705 Marb.
509 2671 619 2714 1843,
658 2669 718 2716 τήν
746 2668 774 2702 δ’
801 2666 959 2712 recepit,
997 2663 1091 2710 quod
1123 2663 1229 2698 aliter
1265 2659 1342 2696 fieri
1383 2668 1452 2692 non
1491 2655 1620 2700 potuit,

106 2729 274 2773 quoniam
308 2730 448 2765 scholia.
481 2729 732 2765 Laurentiana
765 2726 922 2762 nondum
960 2724 1146 2768 divulgata
1184 2725 1299 2756 erant.
1364 2715 1548 2752 Nauckius
1587 2714 1624 2747 in

105 2787 319 2832 fragmentis
345 2788 575 2825 recensendis
602 2786 840 2824 Laurentiani
867 2782 1079 2821 auctoritati
1105 2779 1320 2821 oboediens,
1346 2777 1386 2823 ἢν
1413 2773 1546 2819 posuit,
1571 2772 1624 2806 ita

106 2853 229 2884 tamen
255 2846 472 2885 ut'alteram
499 2850 719 2895 scripturam
746 2847 1041 2883 commemoraret
1059 2846 1095 2879 et
1110 2838 1266 2878 secunda
1293 2846 1379 2872 cura
1404 2831 1501 2869 haud
1527 2842 1626 2878 sper-

104 2919 191 2946 nere
216 2908 410 2947 videretur.
