1839 3265
758 174 1041 214 -72—

437 284 473 325 L
488 300 551 327 au
568 301 600 328 r.
1206 295 1242 336 F
1255 295 1269 337 l
1284 313 1350 339 or.

146 354 188 391 τὸ
223 351 360 393 Ἰόνιον
393 356 568 408 πέλαγος
597 365 669 414 της
696 358 872 408 Ἰταλίας
933 365 976 404 τὸ
1010 362 1146 404 Ἰόνιον
1178 367 1354 420 πέλαγος
1386 376 1459 423 τῆς
1483 368 1659 418 Ἰταλίας

143 421 200 470 εἰς
233 425 253 464 δ
286 423 494 469 ἐκδίδωσιν
535 427 555 469 ὁ
588 428 771 485 Ἀδρίας·
813 434 871 475 διὸ
933 433 989 483 εἰς
1022 437 1042 477 ὃ
1075 436 1281 479 ἐκδίδωσιν
1314 438 1334 480 ὁ
1363 439 1549 496 ’Λδρίας·
1599 443 1659 484 διὸ

139 499 207 536 καί
241 512 342 544 τινες
379 497 475 541 αὐτὸ
508 500 676 556 Ἀδρίαν
717 503 866 561 ὀνομά-
928 511 998 549 καί
1013 524 1114 557 τινες
1141 508 1421 566 αὒτὸἈδρίαν
1434 511 1656 569 ὀνομάζου-

141 569 282 612 ζουσιν.
316 567 543 629 ὠνομάσθη
564 572 606 614 δὲ
632 574 709 617 ἀπὸ
733 574 871 618 Ἰονίου
933 594 990 620 σιν
1011 583 1117 621 κατὰ
1134 583 1340 637 μετάδοσιν
1359 590 1425 625 τοῦ
1441 583 1657 640 ὀνόματος·

138 640 179 678 τὸ
224 643 337 691 γένος
384 640 598 698 Ἰλλυρίου,
654 645 708 694 ὥς
744 663 862 704 φησιν

136 711 376 766 Θεόπομπος
420 712 459 754 ἐν
494 713 661 771 εἰκοστῷ
709 722 865 774 πρώτῳ.

137 781 272 824 Ἰόνιον
306 785 483 837 πέλαγος
516 789 614 841 πρὸς
645 796 691 844 τῇ
712 788 865 845 Ἰταλία.

135 851 236 894 οὔτω
270 856 533 911 καλουμενον.
574 862 677 907 τινὲς
710 861 751 901 δὲ
784 861 863 904 ἀπὸ

924 649 1009 692 ἐπεὶ
1040 654 1116 707 γὰρ
1149 657 1336 695 συνάπτει
1368 653 1570 711 δ’Λδρίας
1602 665 1656 712 τῷ

928 719 1076 777 Ἰονίῳ,
1121 724 1185 764 διά
1218 731 1332 766 τοῦτο
1365 730 1458 767 ποτὲ
1491 731 1561 783 μὲν
1592 732 1656 770 τὸν

926 791 1090 848 Ἀδρίαν
1125 794 1276 845 Ἰόνιον,
1315 801 1409 838 ποτε
1432 798 1473 839 δὲ
1495 801 1559 840 τὀν
1577 798 1654 841 Ἰό-

925 879 1005 905 νιον
1037 863 1200 921 ,Αδρίαν
1233 869 1445 911 καλοῦσιν·
1494 870 1654 928 ὠνομά-

138 933 210 982 τῆς
241 932 457 985 γενομένης
488 931 646 987 πλάνης
677 941 725 989 τῇ
758 933 842 976 Ἰοῖ.
928 939 1013 992 σθη
1055 939 1097 979 δὲ
1141 938 1220 981 ἀπὸ
1262 936 1403 983 Ἰονίου
1450 946 1493 985 τὸ
1539 949 1653 998 γένος

922 1004 1142 1064 Ἰλλυρίου7
1187 1010 1243 1059 ὤς
1277 1026 1376 1068 φησι
1410 1016 1652 1072 Θεόπομπος

921 1079 960 1121 ἐν
992 1080 1161 1137 εἰκοστῷ
1193 1087 1352 1139 πρώτῳ.
1413 1084 1547 1130 Ἰόνιον
1579 1093 1651 1131 πέ-

922 1154 1049 1206 λαγος
1104 1158 1204 1210 πρὸς
1257 1165 1305 1213 τῇ
1351 1156 1504 1215 Ἰταλία
1548 1159 1648 1204 οὕτω

923 1226 1172 1282 καλουμενον
1206 1228 1285 1271 ἀπὸ
1320 1230 1470 1282 Ἰονίου,
1504 1232 1650 1290 ἀνδρὸς

923 1294 1143 1351 Ἰλλυρίου·
1174 1302 1275 1347 τινὲς
1302 1298 1358 1350 δὲ,
1385 1301 1464 1343 ἀπὸ
1487 1311 1560 1359 τῆς
1582 1320 1650 1358 γε·

917 1369 1089 1421 νομενης
1119 1368 1277 1424 πλάνης
1310 1377 1358 1425 τῇ
1393 1370 1478 1412 Ἰοῖ.

243 1425 593 1485 Utrumcumque
626 1433 789 1474 testem
814 1434 953 1488 audis,
978 1435 1086 1478 duas
1106 1438 1419 1484 adnotationes
1452 1442 1497 1484 in
1513 1459 1645 1487 unum

125 1497 381 1541 coniunctas
415 1499 561 1543 habes.
625 1503 702 1545 Bis
738 1505 851 1547 enim
885 1506 937 1549 dc
969 1508 1083 1549 mari
1114 1509 1238 1553 Ionio
1272 1513 1449 1568 agitur7
1483 1515 1558 1557 ubi
1589 1517 1644 1559 si-

123 1574 217 1612 tum
249 1571 331 1624 sit,
382 1587 459 1614 cur
507 1573 617 1617 hano
661 1577 1008 1633 appellationem
1050 1581 1183 1624 ferat.
1259 1584 1385 1628 Unde
1426 1602 1451 1629 a
1492 1590 1641 1632 verbis

125 1641 260 1685 Ἰόνιον
303 1646 481 1699 πέλαγος
522 1650 623 1703 πρὸς
665 1658 713 1706 τῇ
762 1649 914 1706 Ἰταλία.
958 1668 1039 1694 κτε.
1085 1653 1254 1711 aliquid
1299 1658 1404 1701 novi
1447 1659 1643 1717 incipere

123 1715 239 1770 quod
282 1717 337 1758 ab
376 1718 742 1764 antecedentibus
786 1738 874 1765 non
916 1725 1133 1780 pendeat,
1182 1743 1235 1769 ex
1277 1728 1373 1785 ipsa
1405 1734 1643 1783 verborum

122 1787 347 1830 sententia
378 1790 639 1834 concludere
671 1792 800 1846 licet,
836 1799 969 1852 atque
1000 1796 1113 1840 illud
1145 1798 1283 1843 Ἰόνιον
1316 1804 1514 1857 πέλαγος,
1547 1806 1641 1851 sine

122 1858 215 1900 ulla
246 1860 472 1915 particula
503 1863 715 1918 positum,
765 1865 915 1908 eadem
956 1867 1204 1913 denuntiat.
1278 1872 1399 1925 Quae
1439 1890 1534 1918 cum
1574 1878 1640 1922 ita

121 1929 239 1983 sint,
284 1931 390 1973 mihi
422 1932 552 1976 facile
586 1935 794 1979 concedes
828 1937 1051 1994 integram
1093 1943 1349 1986 memoriam
1381 1944 1426 1986 in
1456 1945 1641 1991 Floren—

120 2000 226 2043 tinis
261 2003 447 2044 servari.
510 2005 625 2048 Nam
656 2006 762 2049 haec
785 2008 933 2051 altera
959 2010 1115 2053 scholii
1142 2028 1248 2068 pars
1274 2014 1357 2057 duo
1390 2017 1640 2075 veriloquia

117 2072 308 2127 profert,
342 2076 393 2117 ut
425 2076 564 2118 verba
595 2081 693 2126 τινὲς
725 2079 780 2129 δὲ,
814 2094 925 2135 quae
957 2082 1092 2124 etiam
1118 2083 1422 2130 Laurentiano
1456 2093 1640 2134 servata

120 2149 235 2198 sunt⁷
268 2147 454 2190 maxime
488 2148 731 2193 declarant.
806 2151 852 2194 Is
885 2153 960 2209 qui
1006 2154 1174 2197 scholia
1204 2156 1511 2203 Laurentiana
1541 2177 1638 2205 con-

115 2216 235 2269 fecit7
265 2233 359 2260 cum
382 2220 514 2275 paulo
537 2225 640 2264 ante
662 2223 851 2278 primam
873 2225 1060 2268 nominis
1085 2228 1427 2283 explicationem
1447 2232 1635 2288 legeret,

114 2289 354 2332 verborum
389 2296 646 2336 contextum
678 2295 786 2338 adeo
821 2296 1078 2341 decurtavit
1109 2302 1160 2342 ut
1185 2300 1279 2343 sine
1313 2318 1392 2358 ope
1413 2304 1519 2347 libri
1535 2306 1637 2349 Flo-

112 2360 281 2403 rentini
313 2362 553 2418 pristinam
575 2366 822 2410 orationem
845 2369 921 2411 vix
948 2370 1177 2427 quisquam
1201 2374 1461 2429 cogniturus
1482 2378 1634 2422 fuerit.

229 2433 340 2477 Tum
373 2436 523 2479 confer
557 2437 724 2481 scholia
755 2439 812 2481 ad
841 2440 909 2484 IV
941 2441 1036 2484 611.

395 2508 548 2552 Laur.
1181 2516 1284 2560 Flo
1300 2533 1335 2560 r.

113 2575 150 2618 οἱ
167 2577 317 2621 Κελτοὶ
349 2579 547 2637 ἐφήμισαν
580 2586 622 2625 τὸ
654 2584 847 2640 ἤλεκτρον
909 2585 945 2628 οἱ
987 2587 1135 2630 Κελτοὶ
1179 2587 1378 2646 ἐφημίσαν
1419 2595 1462 2633 τὸ
1507 2593 1634 2650 ἤλεκ-

113 2647 211 2689 εἷναι
254 2654 310 2706 μὴ
356 2659 431 2693 τῶν
465 2652 689 2704 Ἡλιάδων,
737 2655 846 2697 ἀλλὰ
907 2673 995 2713 τρον
1009 2658 1108 2700 εἶναι
1125 2663 1180 2716 μὴ
1201 2668 1275 2702 τῶν
1291 2660 1502 2713 Ἡλιάδων,
1524 2664 1632 2708 ἀλλὰ

114 2720 286 2775 δάκρυον
313 2722 413 2765 εἶναι
431 2723 701 2774 Ἀπόλλωνος,
728 2727 845 2783 ἡνίκα
908 2731 1079 2785 δάκρυον
1097 2730 1197 2772 εἶναι
1215 2730 1486 2788 Ἀπόλλωνος,
1511 2735 1632 2793 ἡνίκα

111 2788 186 2833 υπὸ
240 2792 334 2842 Διὸς
384 2794 614 2854 ἐκελευσθη
656 2801 841 2855 θητευειν
902 2803 967 2843 διὰ
981 2805 1045 2845 τὸν
1059 2801 1307 2860 Ἀσκληπιοῦ
1320 2807 1499 2849 ’θάνατον
1517 2808 1631 2851 ἀνια-

112 2861 175 2904 ἐπὶ
207 2873 259 2919 τῷ
291 2860 398 2923 {comp
425 2867 750 2927 τοῦἈσκληπιου
774 2875 843 2913 καὶ
903 2876 993 2921 θείς
1024 2873 1081 2922 εἰς
1112 2877 1203 2924 τοὺς
1226 2874 1519 2935 Ὑπερβορέους
1535 2880 1627 2940 &api-„-
