1898 3291
721 185 999 225 *73*-

103 306 156 355 τῷ
187 307 262 341 τῶν
294 298 543 342 Κυκλώπων.
895 315 988 342 κετο
1039 302 1105 343 διὰ
1154 306 1221 358 τὴν
1252 309 1318 343 τοι)
1359 306 1510 358 πατρὸς
1542 302 1624 344 ἐπι-

898 377 1073 430 τίμησιν·
1116 374 1140 430 ἢ
1179 373 1242 416 ὅτε
1275 375 1503 431 ἐκελεῦοθη
1538 379 1618 431 θη-

894 448 1017 487 τεὺειν
1050 445 1112 488 ἐπὶ
1142 455 1193 501 τῷ
1215 451 1322 504 φόνῳ
1355 456 1428 488 των
1451 447 1620 488 Κυκλώ-

894 533 989 559 πων.

101 586 333 631 Parisinus
369 603 539 645 quoquc
582 587 761 630 uberius
795 588 1005 631 scholium
1049 589 1206 642 habet,
1250 590 1291 631 in
1333 589 1517 644 singulis
1552 606 1622 633 vo-

102 660 223 704 cibus
257 661 525 718 discrepans.

218 732 313 776 Iam
345 732 475 789 plane
508 732 736 775 confusum
775 737 844 776 est
886 733 1096 776 scholium
1131 734 1488 776 Laurentianmn.
1554 735 1618 776 No

103 806 243 849 verba
300 805 475 862 quidem
526 810 683 862 poetae
735 809 941 848 accurate
995 806 1304 862 exprimuntur
1358 822 1495 862 neque
1547 822 1616 848 ros

102 879 214 922 duae
261 894 371 936 quae
404 878 523 922 inter
556 894 602 921 se
653 878 869 921 differunt
910 882 1032 922 recte
1065 879 1414 934 distinguuntur.
1477 879 1619 921 Unum

107 951 221 994 enim
253 955 323 994 est
355 950 560 993 fabulosa
575 950 803 993 Celtarum
831 950 1022 993 historia
1039 962 1167 1007 quarn
1184 950 1446 1006 Apollonius
1474 951 1618 993 nescio

109 1039 131 1067 e
162 1039 246 1081 quo
279 1024 403 1067 fonte
434 1023 645 1080 petierit:
679 1023 871 1066 alterum
903 1028 1050 1066 autom
1083 1026 1152 1066 est
1184 1023 1305 1065 istud
1337 1023 1388 1065 (lo
1410 1023 1618 1079 Apolline

108 1098 297 1152 propter
326 1094 546 1151 Cyclopas
580 1094 843 1138 interfectos
877 1094 994 1151 apud
1023 1094 1261 1137 Admetum
1295 1094 1518 1137 serviente
1551 1097 1617 1147 (cs.

109 1166 243 1209 schol.
276 1167 323 1209 in
357 1167 466 1209 Eur.
509 1166 607 1208 Alo.
643 1166 699 1221 1).
778 1165 1021 1209 Enucleate
1069 1169 1114 1208 ct
1157 1165 1385 1222 aptissime
1435 1165 1470 1207 F
1475 1165 1617 1207 loren-

105 1238 204 1283 tina
233 1255 328 1282 rem
371 1239 648 1296 exprimunt,
697 1253 807 1295 quae
839 1238 1121 1294 praestantia
1152 1237 1471 1294 interpolatori
1502 1237 1616 1279 haud

108 1310 408 1368 probabiliter
438 1310 580 1353 tribui
609 1313 773 1366 potest.

224 1381 315 1425 Sub
361 1382 491 1425 finem
538 1380 694 1424 scholii
725 1380 771 1422 in
812 1381 879 1423 IV
911 1381 996 1422 ‘280
1026 1380 1148 1423 Flor.
1190 1383 1235 1422 ct
1269 1380 1371 1422 Par.
1404 1380 1508 1422 hacc
1549 1380 1621 1422 ha-

108 1455 241 1497 bent:
266 1453 302 1497 οἱ
325 1455 366 1496 δὲ
388 1454 678 1510 ἀκριβέστεροι,
703 1453 850 1502 ἄξονας
872 1457 942 1509 μὲν
965 1456 1235 1508 τετραγώνους
1259 1454 1424 1500 λίθους·
1458 1455 1619 1508 ’κύρβεις

107 1528 149 1568 δὲ
174 1531 400 1583 τριγώνους.
447 1527 515 1568 Ἔν
544 1527 785 1585 ἀμφοτέροις
803 1527 846 1567 δὲ
868 1530 979 1582 νόμοι
995 1525 1098 1583 ἦσαν
1117 1529 1382 1581 γεγραμμένοι
1402 1526 1618 1581 Ἀθήνῃσι.

221 1599 296 1642 Ad
337 1600 466 1642 finem
499 1598 656 1641 scholii
698 1598 743 1640 in
773 1598 841 1641 IV
873 1598 956 1639 627
987 1597 1023 1639 F
1027 1597 1109 1639 lor.
1152 1601 1197 1639 et
1228 1597 1330 1638 Par.
1373 1595 1540 1638 addunt
1572 1605 1619 1651 τῇ

107 1673 151 1713 δὲ
183 1670 240 1720 εἰς
271 1675 315 1714 τὸ
349 1672 562 1728 Σαρδόνιον
593 1673 782 1725 πέλαγος.
844 1670 966 1723 Quae
1000 1670 1137 1712 verba
1169 1668 1345 1712 etiamsi
1375 1686 1396 1710 e
1429 1667 1618 1710 carmine

111 1748 214 1787 orta
246 1759 342 1787 esse
373 1747 586 1801 possunt,
631 1746 781 1786 tamen
811 1741 1064 1786 necessaria
1104 1746 1149 1785 et
1189 1740 1345 1798 procul
1376 1739 1505 1782 dubio
1538 1739 1625 1796 pri-

107 1815 216 1859 stini
247 1818 486 1859 verborum
517 1818 752 1859 contextus
785 1818 902 1858 sunt.

223 1889 292 1932 IV
330 1888 427 1931 984.
501 1887 742 1944 Complura
782 1887 1014 1930 declarant
1055 1885 1222 1929 scholia
1251 1885 1287 1927 F
1291 1883 1515 1927 lorentina
1557 1882 1625 1925 hic

102 1963 358 2018 praestare.
419 1960 483 2004 Et
513 1960 703 2017 primum
734 1959 859 2002 vides
891 1959 936 2001 in
953 1958 1255 2001 Laurentiano
1288 1956 1499 1999 nonnulla
1523 1958 1625 2011 post

106 2049 265 2076 nomen
313 2032 522 2075 Scheriae
583 2031 852 2089 explicatum
905 2030 1186 2075 intercidisse
1243 2028 1376 2085 (apud
1426 2026 1622 2070 Keilium

107 2121 208 2163 pag.
242 2106 339 2160 512,
371 2105 458 2161 26).
521 2105 645 2159 Quae
679 2104 793 2147 enim
824 2107 1036 2147 secuntur
1067 2103 1112 2146 in
1143 2116 1274 2145 causa
1304 2099 1488 2143 nominis
1511 2100 1622 2142 Dre-

105 2193 247 2235 panae
279 2177 538 2235 exponenda
567 2180 821 2221 versantur.
885 2176 958 2219 Sic
997 2175 1137 2232 igitur
1170 2190 1223 2217 ex
1252 2171 1525 2216 Florentinis
1557 2170 1620 2213 la-

102 2258 219 2294 ”cuna
261 2250 479 2307 explenda
521 2253 612 2293 est:
660 2250 846 2307 Δρεπάνη
889 2251 932 2291 δὲ
964 2249 1147 2291 ἐκαλεῖτο
1194 2262 1276 2289 κτε.
1338 2245 1448 2287 Tum
1487 2242 1617 2299 paulo

109 2322 231 2365 infra
259 2322 592 2365 Laurentianus
625 2322 804 2365 Timaeo
836 2321 942 2365 haec
973 2320 1162 2364 tribuit:
1208 2317 1374 2375 Τίμαιος
1409 2317 1451 2358 δέ
1485 2330 1618 2371 φησιν,

114 2393 145 2449 ᾧ
177 2393 359 2449 ἐξέτεμεν
391 2400 458 2436 τοῦ
491 2392 674 2450 Οὐρανοῦ
706 2393 731 2450 ἢ
763 2399 829 2435 τοῦ
861 2393 1019 2449 Κρόνου
1050 2395 1098 2433 τὰ
1130 2389 1263 2433 αἰδοῖοι
1295 2388 1315 2430 ὁ
1348 2388 1465 2437 Ζευς,
1510 2393 1621 2428 τοῦτο

109 2469 360 2522 κεκρὺφθαι.
420 2465 643 2509 Hesiodus
683 2465 852 2523 primus
897 2466 1064 2520 (Tlaeeoy.
1100 2463 1182 2505 164
1213 2462 1351 2518 seqq.)
1384 2459 1561 2502 Caelum
1593 2473 1617 2500 a

107 2537 302 2582 Saturno
350 2541 575 2582 exsectum
621 2554 717 2581 esse
759 2537 979 2581 narravit.
1051 2535 1214 2592 Ecquis
1251 2537 1398 2576 autem
1428 2529 1619 2574 tradidit

107 2610 240 2654 Caelo
282 2610 373 2654 vim
414 2610 666 2654 adhibuisse
697 2610 881 2653 Iovem?
953 2609 1096 2651 Multo
1138 2606 1321 2649 meliora
1360 2604 1406 2645 in
1435 2602 1617 2645 Floren-

107 2681 216 2725 tinis
245 2682 443 2726 invenis:
489 2683 660 2740 Τίμαιος
693 2683 736 2724 δὲ
768 2681 814 2724 ἐκ
845 2689 912 2724 τοῦ
945 2683 1140 2737 δρεπάνου
1174 2678 1204 2734 ᾧ
1235 2678 1416 2732 ἐξέτεμεν
1448 2681 1513 2715 τοῦ
1537 2671 1617 2715 Οὔ-

111 2761 232 2810 ρανοῦ
265 2758 313 2796 τὰ
345 2754 482 2798 αἰδοῖα
513 2755 534 2798 ὁ
560 2755 733 2811 Κρόνος,
764 2754 789 2811 ἢ
823 2754 843 2797 ὁ
874 2754 972 2802 Ζεὺς
1004 2756 1053 2795 τὰ
1084 2758 1150 2794 τοῦ
1171 2750 1342 2805 Κρόνου.
1389 2747 1513 2788 Τοῦτο
1543 2747 1618 2800 γὰρ

109 2825 231 2869 αὐτοῦ
267 2829 505 2882 κεκρὺφθαι
538 2831 652 2884 φησί.
724 2827 980 2869 Exstabant
1012 2825 1123 2866 duae
1154 2820 1350 2872 fabulae,
1392 2831 1478 2859 una
1509 2830 1619 2873 quae

109 2902 179 2942 est
210 2897 327 2956 apud
357 2898 599 2942 Hesiodum
632 2903 678 2942 et
709 2900 817 2942 bene
848 2902 978 2951 nota,
1020 2896 1166 2938 altera
1205 2891 1344 2936 multo
1377 2887 1617 2933 obscurior..
