1839 3265
790 116 1076 157 —76—

175 235 289 285 γόνες
322 231 368 274 ἐκ
402 240 475 288 τῆς
507 235 646 288 κοίτης
679 231 907 274 ἀναπτᾱσαι
939 235 1005 274 τὸν
1037 232 1199 288 Περσέα
1231 232 1395 275 ἐδίωκον
1428 235 1497 275 καὶ
1529 234 1695 277 συνιδεῖν

179 302 298 345 αὐτὸν
331 301 405 345 οὐκ
436 303 634 359 ᾐδῦναντο
666 305 729 346 διὰ
763 308 832 361 τὴν
865 313 1012 362 κυνῆν·
1057 304 1330 361 ἀπεκρὺπτετο
1361 309 1438 362 γὰρ
1459 303 1522 348 ὑπ’
1556 304 1696 364 αὐτῆς.

294 386 362 430 IV
395 387 519 429 1780.

458 459 623 501 haur.
1252 459 1412 502 Flor.

174 533 244 578 τὰς
275 527 351 572 ὑπὸ
385 537 452 572 τοῦ
473 530 689 579 Ὀποῦντος
714 546 808 572 ποτε
832 546 902 572 πε·
964 534 1013 572 τὰ
1044 528 1120 574 ὑπὸ
1137 537 1203 573 τοῦ
1227 531 1446 580 Ὀποῦντός
1472 547 1569 574 ποτε
1596 531 1700 588 ἐχό-.

174 607 426 658 ριεχομένας.
472 602 623 651 Ὀποῦς
655 604 696 644 δὲ
729 607 910 659 ποταμὸς
971 619 1085 659 μενοι,
1119 611 1186 646 τοῦ
1221 605 1316 652 Διὸς
1355 603 1439 646 υἱοῦ
1471 607 1542 645 καὶ
1574 604 1695 659 Πρω-

177 675 382 730 Ᾱοκρίδος
414 674 438 731 ἢ
473 677 598 723 πόλις.
968 680 1197 729 resse-asiaq-
1232 675 1277 718 οὗ
1310 679 1380 718 καὶ
1412 675 1436 733 ἡ
1458 677 1573 724 πόλις
1593 675 1695 718 ἐπώ-

964 764 1097 804 νυμος.
1157 750 1307 796 Ὀποῦς
1339 749 1381 790 δὲ
1414 751 1484 790 καὶ
1516 750 1696 804 ποταμὸς

959 820 1177 876 Λοκρίδος.

171 903 224 944 111
255 902 474 945 Parisinis
508 903 659 946 eadem
691 903 903 947 memoria
935 907 1069 961 atque
1103 904 1147 946 in
1178 904 1300 946 Flor.
1335 906 1500 954 exstat,
1544 903 1693 946 verbis

172 974 375 1017 mutatis.

284 1047 405 1089 Haec
457 1047 657 1103 exempla
702 1046 898 1089 melioris
957 1047 1194 1090 memoriae
1237 1047 1283 1089 in
1323 1046 1600 1090 Florentinis
1649 1050 1696 1091 et

172 1118 391 1161 Parisinis
440 1118 578 1161 habeo
638 1133 748 1175 quae
796 1118 927 1160 dubio
986 1119 1061 1162 vix
1106 1119 1295 1162 obnoxia
1336 1134 1433 1161 esse
1479 1133 1693 1161 censeam.

171 1189 489 1242 Quaestionem
533 1205 629 1232 cum
671 1205 856 1246 gravem
912 1195 1006 1233 tum
1055 1190 1315 1233 intricatam
1360 1189 1476 1247 quod
1518 1190 1694 1246 longius

172 1261 381 1318 persequi
411 1276 578 1318 nequeo
604 1276 737 1317 aegre
760 1262 870 1304 fero.
933 1261 1083 1304 Etiam
1108 1261 1275 1304 scholia
1292 1261 1349 1303 ad
1379 1261 1518 1304 libros
1541 1260 1696 1302 I—III

173 1332 415 1390 adscripta,
457 1348 719 1390 quamquam
751 1333 903 1376 eadem
936 1333 1172 1389 diligentia
1203 1337 1338 1391 atque
1368 1333 1475 1377 haec
1504 1333 1697 1376 nondum

171 1405 502 1461 pervestigavi,
555 1408 706 1448 tamen
751 1405 1007 1449 memoriam
1051 1406 1215 1449 habere
1258 1406 1475 1463 duplicem
1521 1420 1695 1449 asseve-

175 1492 278 1519 rare
310 1477 461 1520 audeo.
526 1478 674 1530 Quare
707 1477 751 1519 in
783 1477 899 1520 calce
932 1478 1060 1520 huius
1093 1477 1478 1520 commentationis
1509 1477 1699 1533 Bergkii

167 1549 434 1592 sententiam
477 1549 605 1606 quasi
637 1564 848 1591 summam
892 1549 959 1592 rei
1005 1553 1051 1593 et
1097 1549 1420 1593 conclusionem
1459 1554 1685 1606 repetam:

172 1620 333 1674 scholia
364 1620 410 1660 1η
441 1620 713 1671 Apollonium
744 1633 831 1661 non
854 1625 1039 1672 possunt
1081 1621 1211 1662 solius
1243 1621 1528 1662 Laurentiani
1557 1624 1695 1662 auclo-

167 1690 293 1731 ritatc
326 1691 368 1731 in
399 1691 607 1744 intem-um
636 1691 813 1733 restitui.

490 1977 563 2018 AD
598 1978 1002 2020 CALLIMACHEA
1037 1976 1373 2019 ADDENDVM.

286 2105 402 2147 Dum
433 2106 558 2163 typis
591 2106 902 2163 exprimuntur
945 2119 996 2147 ea
1044 2118 1154 2160 quae
1187 2107 1292 2146 sunt
1323 2102 1376 2146 de
1409 2102 1692 2157 Callimacho,

174 2177 590 2221 commentationem
622 2176 814 2233 Eugenii
844 2175 1046 2219 Dittrich
1094 2175 1140 2217 in
1184 2174 1492 2231 supplemento
1523 2174 1692 2217 XXIII.

170 2249 416 2291 Annalium
456 2250 827 2307 philologicorum
857 2249 984 2291 modo
1017 2247 1182 2291 editam
1221 2247 1406 2304 inspexi.
1481 2247 1569 2300 Qui
1598 2262 1695 2289 cum

176 2318 436 2363 Callimachi
452 2321 691 2364 Aetiorum
723 2321 839 2364 libro
872 2321 895 2363 I
925 2323 1126 2364 tractato
1159 2319 1295 2362 etiam
1326 2317 1494 2361 scholia
1508 2317 1693 2374 Apollo-

170 2390 303 2434 niana
333 2391 380 2435 in
409 2392 478 2436 IV
498 2394 595 2447 284,
630 2395 712 2436 303
745 2392 979 2437 emendare
1011 2396 1195 2436 conatus
1229 2391 1290 2434 sit
1331 2392 1446 2448 (pag.
1466 2390 1547 2433 191
1571 2391 1692 2448 seq.)‚

171 2479 253 2520 par
301 2469 371 2507 est
412 2480 553 2522 pauca
593 2465 770 2509 addere.
849 2465 1061 2522 Suspicor
1109 2479 1206 2508 eum
1247 2463 1323 2521 qui
1365 2463 1473 2506 haec
1512 2462 1695 2519 scripsit

175 2536 290 2592 (pag.
333 2537 432 2591 192)
471 2542 588 2590 patet
618 2539 922 2580 dilucidissime
959 2538 1116 2579 eosdem
1155 2537 1227 2590 qui
1266 2535 1492 2588 Apollonio
1532 2539 1696 2577 auctore

176 2609 227 2660 (1
235 2609 275 2650 V
297 2612 402 2663 303)
427 2624 507 2662 per
545 2610 738 2664 Cyaneas
763 2616 913 2662 petras
943 2611 1246 2664 navique-erant
1272 2608 1437 2660 frustra
1458 2611 1698 2659 quaerentes

174 2679 337 2720 domum
368 2679 599 2731 redierunt,
634 2680 889 2721 Callimacho
921 2680 1137 2721 comraria
1167 2681 1312 2720 testato
1342 2677 1621 2731 Aryonautas
1649 2677 1697 2719 in

176 2749 346 2791 Scheria
379 2751 628 2804 occurrisse,
673 2750 905 2807 Apollonii
945 2750 1108 2793 librum
1141 2753 1348 2806 quartum
1389 2747 1517 2790 nimis
1549 2748 1696 2804 negle-

176 2822 338 2877 genter
381 2820 556 2876 legisse.
628 2819 743 2863 Nam
781 2835 922 2877 neque
961 2818 1202 2878 Apollonio
1242 2833 1382 2878 neque
1426 2816 1694 2862 Callimacho
