1898 3291
649 162 732 212 R-
806 178 972 223 11-

64 294 221 341 timum
253 295 370 342 Ionii
401 295 537 341 maris
570 295 712 341 sinum
743 298 1030 355 penetrasse,
1077 293 1368 353 Argonautas
1409 309 1590 353 pracve-

66 367 252 414 nientes.
331 370 473 414 Poeta
519 369 662 427 igitur
708 385 801 413 rem
834 369 896 413 sic
928 368 1204 425 excogitavit
1237 368 1362 426 quasi
1394 383 1498 425 pars
1531 366 1593 409 in-

67 441 177 486 tima
209 442 330 486 sinus
354 442 481 497 Ionii,
515 458 640 500 quem
664 443 709 486 in
730 443 873 487 locum
896 442 1048 486 Colchi
1077 441 1165 485 iam
1187 442 1358 499 pridem
1390 446 1595 499 pcnetra-

69 517 244 569 verant‚
278 515 392 558 illud
412 530 534 558 mare
559 515 673 573 quod
696 518 765 559 est
785 515 939 572 Κρονίη
973 515 1049 564 ἅλς
1064 515 1095 570 ¹)
1128 514 1391 571 attingeret.
1435 515 1594 572 Itaque

65 586 182 630 dicit
215 586 399 643 Colchos
446 587 492 630 in
533 602 656 631 mare
689 587 950 631 Saturnium
989 587 1218 643 ingressos
1250 587 1416 630 exitum
1449 587 1595 643 Argo-

67 661 318 714 nautarum,
353 660 427 718 qui
458 660 545 703 iam
576 659 758 703 fluvium
789 660 1083 713 descendant,
1117 659 1412 716 praecidisse,
1460 674 1595 717 appu-

65 730 172 775 lisse
203 735 353 776 autem
383 720 463 776 hos
496 732 553 775 ad
586 733 695 776 duas
718 733 890 776 Dianae
913 732 1082 775 insulas
1115 746 1226 790 quae
1259 732 1379 775 solae
1402 732 1594 774 nondum

65 818 92 848 a
123 804 298 848 Colchis
333 808 575 863 occupatae
609 808 771 849 essent.

181 876 254 920 Sic
285 892 380 920 rem
412 880 598 921 enarrat
629 878 897 935 Apollonius
927 892 1068 934 neque
1100 877 1280 920 dubium
1313 892 1409 920 esse
1441 878 1594 933 potest

65 949 171 1007 quid
213 949 423 993 voluerit.
502 951 643 994 Recte
689 950 903 1007 explanat
946 950 1188 993 scholiasta
1202 950 1260 1003 2)‚
1310 949 1372 992 sic
1415 948 1590 992 dicens:

69 1025 170 1080 φησὶ
202 1023 245 1064 δὲ
278 1025 386 1065 κατὰ
410 1029 525 1065 τοῦτο
547 1026 590 1065 τὸ
614 1023 710 1079 ὄρος
744 1023 817 1079 [sc.
843 1025 1042 1066 σκοπελόν
1066 1022 1318 1078 Καυλιακόν]
1353 1025 1417 1064 τὸν
1439 1021 1594 1077 Ἴστρον

67 1095 371 1151 διασχιζόμενον
417 1098 460 1137 τὸ
508 1099 579 1152 μὲν
621 1095 679 1144 εἷς
722 1099 787 1138 τὸν
821 1096 1006 1152 Ἀδρίαν,
1050 1098 1093 1138 τὸ
1139 1097 1182 1137 δὲ
1216 1094 1273 1144 εὶς
1313 1098 1378 1137 τὸν
1410 1094 1594 1143 Εὔξεινον

67 1166 235 1223 ῥεῖθρον
269 1166 508 1223 εἰσβάλλειν.
559 1167 712 1225 Atque
734 1184 923 1225 pergere
946 1170 1141 1224 poterat,
1176 1169 1240 1209 διὰ
1271 1168 1314 1209 δὲ
1347 1174 1413 1209 τοῦ
1436 1167 1595 1223 Ἴστρου

66 1237 198 1286 οὕτως
231 1238 392 1295 ῥέοντος
424 1243 518 1289 τοὺς
549 1240 829 1296 Ἀργοναὺτας
862 1240 1192 1283 &ommonem
1225 1238 1281 1288 εἰς
1313 1242 1378 1281 τὸν
1412 1240 1594 1295 Ἀδρίαν.

65 1311 162 1354 Iam
192 1311 370 1355 ratione
402 1312 514 1355 satis
549 1316 674 1356 certa
707 1313 823 1356 effiei
855 1315 1008 1369 potest
1033 1312 1147 1355 unde
1169 1311 1437 1368 Apollonius
1471 1326 1594 1354 suam

66 1382 264 1425 locorum
295 1384 505 1427 notitiam
534 1385 790 1442 sumpserit.
851 1384 967 1427 Nam
999 1384 1051 1427 de
1072 1384 1260 1440 Anguro
1292 1387 1440 1427 monte
1473 1383 1594 1427 scho-

66 1454 205 1498 liasta
245 1455 302 1498 ad
345 1471 409 1498 vs.
441 1456 526 1498 324
567 1456 674 1499 haec
706 1455 909 1499 enotavit
954 1458 1195 1513 μνημονεὺει
1236 1457 1278 1498 δὲ
1320 1455 1438 1499 αὐτοῦ
1470 1457 1595 1513 Τιμά-

67 1543 190 1585 γητος
221 1529 261 1571 ἐν
295 1528 470 1583 Λιμέσι;
514 1528 631 1586 quod
662 1530 771 1572 bene
803 1543 899 1571 cum
931 1528 1022 1571 illis
1057 1528 1110 1571 de
1144 1529 1295 1571 eodem
1327 1533 1509 1572 auctore
1541 1529 1598 1571 ad

67 1614 156 1642 vss.
189 1599 286 1652 259,
320 1600 416 1654 284,
451 1601 534 1642 306
577 1599 818 1656 adscriptis
866 1599 1102 1643 consentit.
1180 1600 1292 1641 Tum
1336 1599 1595 1642 Hellanicus

66 1671 214 1728 gentis
258 1671 495 1716 Sindorum
553 1672 819 1715 mentionem
874 1672 982 1715 fecit
997 1673 1043 1726 ³).
1142 1672 1269 1716 Unde
1327 1672 1596 1715 concluseris

69 1743 314 1800 scriptores
346 1759 497 1787 rerum
528 1744 928 1801 geographicarum
946 1744 1141 1801 plurima
1173 1745 1225 1787 de
1247 1744 1314 1788 his
1339 1744 1594 1801 regionibus

70 1816 327 1859 contulisse.
389 1817 557 1860 Exstat
590 1820 739 1860 autem
760 1817 806 1859 in
827 1817 894 1860 his
918 1833 1051 1859 unum
1073 1817 1302 1873 singulare
1326 1817 1441 1874 quod
1465 1816 1600 1860 etiam

67 1891 257 1932 naturae
274 1889 507 1946 Apollonii
527 1889 716 1933 maxime
738 1892 1081 1933 consentaneum
1115 1893 1197 1933 est.
1259 1889 1373 1932 Nam
1394 1889 1440 1931 in
1462 1905 1598 1933 versu

69 1961 152 2002 327
202 1960 255 2004 de
298 1960 413 2003 mari
445 1961 632 2004 Saturni
676 1961 852 2017 agitur⁷
903 1961 1019 2018 quod
1065 1960 1287 2017 suspicari
1328 1961 1435 2004 licet
1475 1960 1599 2003 illam

70 2032 209 2075 maris
241 2036 417 2090 partem
449 2049 545 2076 esse
580 2049 690 2090 quae
721 2033 875 2076 Histri
921 2033 1036 2077 ostio
1068 2033 1272 2090 proxima
1303 2037 1386 2076 est.
1446 2034 1500 2075 In
1532 2049 1597 2077 se-

70 2103 307 2160 quentibus
340 2106 490 2147 autem
520 2120 614 2147 rem
645 2105 777 2162 paulo
810 2105 946 2148 aliter
991 2105 1205 2162 depinxit.
1281 2104 1450 2147 Mentio
1484 2104 1599 2148 enim

68 2175 201 2231 Hylli
232 2176 284 2219 fit
298 2178 332 2230 ⁴)
366 2176 440 2233 qui
473 2177 688 2221 coloniam
718 2178 968 2220 Phaeacum
999 2177 1044 2219 in
1075 2193 1198 2220 mare
1231 2177 1492 2220 Saturnium
1524 2177 1596 2220 de-

70 2246 250 2290 duxerit
283 2252 328 2291 et
359 2264 517 2291 nomen
549 2249 674 2305 genti
705 2249 993 2305 Hyllensium
1024 2249 1193 2292 insulas
1226 2265 1365 2306 prope
1386 2248 1597 2304 Illyriam

70 2317 294 2362 habitanti
325 2319 513 2363 dederit.
595 2321 682 2364 Sed
722 2322 926 2378 quoniam
958 2321 1202 2378 Hyllenses
1245 2326 1421 2378 partem
1461 2321 1599 2364 maris

71 2393 316 2434 extremam
333 2407 494 2436 revera
510 2409 597 2436 non
611 2393 877 2446 incolebant,
912 2393 1018 2436 haec
1035 2395 1174 2437 verba
1204 2397 1254 2451 βῆ
1278 2393 1397 2436 δ’ἅλα
1429 2395 1469 2435 δὲ
1492 2394 1599 2449 Κρο-

69 2465 153 2519 νίην
186 2463 335 2519 potius
368 2463 414 2506 in
446 2464 703 2508 universum
735 2464 924 2521 accipias
958 2468 1004 2508 et
1035 2468 1182 2508 totum
1213 2480 1334 2507 mare
1358 2465 1473 2522 quod
1491 2465 1597 2507 Cor-

71 2534 247 2591 cyraeis
271 2535 327 2577 ad
355 2537 700 2592 septemtriones
723 2552 903 2580 versum
928 2536 1102 2580 iacebat
1124 2537 1376 2593 intellegas.
1438 2537 1598 2593 Itaque

69 2621 191 2650 mare
224 2607 486 2651 Saturnium
527 2610 642 2653 mari
673 2609 798 2653 Ionio
847 2609 1140 2667 aequiperare
1183 2609 1303 2652 lieet.
1379 2609 1508 2654 Nunc
1552 2608 1597 2653 in

165 2710 200 2754 1)
227 2712 306 2745 327.

164 2772 201 2816 2)
225 2770 272 2805 ad
297 2771 358 2816 IV,
384 2772 464 2807 324.

163 2834 200 2878 3)
227 2833 401 2870 in'schol.
429 2833 475 2870 ad
503 2834 562 2878 1V,
590 2835 670 2870 321.

166 2895 204 2940 4)
226 2895 306 2930 548.
