1898 3291
677 182 845 229 *33
907 210 965 239 —--

56 298 184 345 Unde
215 297 482 344 concludunt
514 300 771 344 Knaackius
793 303 820 357 ’)
854 306 899 346 et
927 303 1150 347 Iesscnius
1169 305 1203 359 ²)
1247 302 1353 348 haee
1400 319 1571 362 quoque

55 373 195 416 verba
236 372 293 415 ad
323 372 517 415 reditum
550 373 917 429 Argonautarum
950 378 1154 431 spectare
1200 379 1245 419 ct
1286 376 1573 433 Apollonium

55 445 123 487 his
156 444 292 488 etiam
322 444 367 487 in
396 446 530 488 rebus
554 445 870 489 Callimachum
901 462 1055 503 presse
1088 452 1286 491 secutum
1318 464 1426 492 esse.
1489 449 1572 491 Fa·

55 516 152 559 cilis
185 516 359 573 quidem
400 519 470 560 est
502 517 776 572 coniectura,
809 519 1077 575 praesertim
1121 534 1215 561 cum
1248 520 1464 575 Cyrenae,
1499 520 1573 563 ubi

55 590 187 630 natus
221 591 291 629 est
323 586 640 639 Callimachus,
689 591 735 630 et
766 588 913 643 Libya-
953 588 1039 630 iam
1070 589 1263 632 vetustis
1296 590 1570 645 temporibus

56 657 113 700 ad
139 672 318 701 errores
335 657 702 714 Argonautarum
726 660 1040 716 pertinuerint.
1103 661 1254 704 Nihilo
1279 662 1420 704 minus
1447 665 1572 705 certa

52 729 229 773 ratione
251 730 424 773 omnino
457 745 544 773 non
565 731 913 774 demonstratur.
968 732 1084 775 Tota
1109 733 1223 776 enim
1251 734 1452 789 quaestio
1468 749 1569 790 pen-

54 801 130 846 det
161 816 188 845 a
218 802 369 846 verbis
413 808 568 860 μητέρα
600 819 665 860 μοι
698 807 879 851 ζώουσαν
923 804 1125 862 ὀφέλλετε.
1200 808 1322 858 Quae
1356 807 1569 862 quomodo

53 871 111 913 ad
141 871 252 914 hanc
283 872 480 915 fabulam
510 873 739 929 pertinere
771 873 957 929 possint,
991 890 1078 917 non
1109 879 1311 931 apparet.
1375 875 1423 918 Si
1455 876 1569 918 enim

53 943 354 988 Valckenario
401 945 699 988 assentiamur
747 945 821 1002 qui
861 947 1000 989 verba
1040 946 1092 989 de
1126 946 1386 989 Callimachi
1426 952 1569 991 matre

53 1014 174 1059 dicta
204 1015 456 1069 intellexit,
502 1019 581 1059 aut
623 1031 719 1058 cum
751 1015 1019 1059 Schneidero
1067 1017 1332 1073 explicemus
1351 1018 1408 1073 ³),
1446 1023 1571 1071 poeta

49 1089 256 1142 nymphas
292 1093 495 1142 precatur
537 1093 584 1130 ut
624 1089 823 1142 viyentem
867 1090 1056 1141 patrima
1106 1104 1227 1130 suum
1271 1091 1392 1131 etiam
1437 1092 1570 1143 mayz's

50 1165 240 1214 augeant,
273 1165 423 1204 tamen
452 1160 622 1203 nullum
652 1160 894 1216 vestigium
927 1161 1174 1204 errantium
1205 1161 1574 1218 Argonautarum

51 1232 293 1288 reperitur.
369 1231 436 1275 Ne
468 1231 700 1274 Knaackio
748 1231 924 1288 quidem
956 1248 1049 1275 rem
1091 1232 1320 1276 declarare
1364 1233 1566 1289 contigit.

53 1303 351 1347 Concedamus
380 1304 420 1347 ei
434 1303 723 1360 Apollonium
741 1304 898 1346 docere
921 1304 1135 1360 quomodo
1155 1304 1455 1360 fragmentum
1471 1305 1568 1347 Cal-

49 1375 309 1419 limaoheum
340 1375 690 1432 intellegendum
722 1375 806 1428 sit,
856 1375 991 1419 etiam
1021 1380 1116 1419 tum
1141 1391 1229 1418 non
1260 1377 1449 1420 efficitur
1480 1378 1570 1420 ista

52 1447 285 1490 conclusio.
369 1447 638 1503 Ambiguum
679 1447 793 1490 enim
843 1446 957 1488 illud
988 1447 1171 1490 dearum
1220 1447 1410 1501 dictum,
1457 1449 1574 1505 quod

50 1522 173 1562 recte
219 1519 549 1575 interpretatus
594 1522 664 1562 est
694 1519 854 1562 Peleus
898 1519 1026 1571 (1370
1056 1520 1218 1576 seqq),
1263 1519 1364 1562 Iaso
1406 1520 1459 1563 de
1492 1535 1572 1563 sua

49 1595 194 1635 matre
240 1591 507 1647 intellegere
552 1607 640 1634 non
669 1594 873 1647 poterat,
920 1595 1163 1647 propterea
1195 1591 1310 1648 quod
1343 1593 1448 1635 deae
1480 1593 1570 1634 for—

49 1678 164 1706 mam
195 1664 434 1707 verborum
465 1663 684 1720 pluralem
716 1663 783 1706 bis
817 1668 1148 1719 usurpaverant
1163 1665 1205 1716 4).
1268 1664 1321 1705 In
1352 1664 1429 1706 hoc
1464 1679 1568 1707 sane

49 1734 308 1777 Knaackius
362 1750 517 1778 verum
567 1735 683 1778 vidit
740 1735 856 1792 quod
904 1750 1061 1778 versus
1106 1735 1397 1792 Apolloniani
1442 1736 1567 1789 1309,

51 1807 161 1848 1322
205 1807 285 1849 illa
335 1806 633 1850 Callima-chea
682 1807 842 1864 Λιβὺης
896 1806 1070 1864 ἡρωίδες
1122 1808 1342 1851 referunt.
1440 1808 1569 1861 Quod

50 1879 186 1922 etiam
217 1879 460 1922 scholiasta
504 1879 714 1936 cognovit
760 1882 805 1923 et
837 1880 1085 1923 adnotavit.
1156 1880 1244 1923 Sed
1274 1896 1413 1937 neque
1446 1881 1566 1923 scho-

48 1950 186 1994 liasta
224 1966 365 2009 neque
414 1953 553 1995 verba
598 1951 697 2008 ipsa
728 1951 871 1995 allata
909 1952 1021 1995 hanc
1063 1952 1399 1996 similitudinem
1428 1952 1567 1996 latius

48 2038 178 2080 quam
209 2023 266 2066 ad
293 2024 607 2067 vocabulorum
629 2024 925 2067 imitationem
955 2024 1184 2081 pertinere
1215 2025 1426 2068 indicant.
1497 2025 1570 2068 Sic

47 2095 306 2153 plerumque
320 2096 599 2153 Apollonius,
623 2100 741 2140 teste
757 2096 1009 2150 scholiasta,
1029 2096 1345 2140 Callimachum
1364 2097 1567 2140 imitatus

50 2171 120 2211 est
139 2168 183 2221 ⁵).
227 2168 387 2225 Itaque
419 2168 530 2210 nihil
561 2169 676 2212 certi
693 2184 747 2212 ex
764 2169 846 2211 hac
869 2169 1158 2212 adnotatione
1191 2169 1288 2212 erui
1308 2173 1460 2225 potest
1482 2170 1570 2211 nisi

48 2240 166 2297 quod
197 2240 332 2283 etiam
364 2240 662 2284 Callimachus
694 2241 911 2297 nymphas
944 2240 1120 2296 Libyae
1152 2241 1523 2284 commemoravit.

162 2313 289 2355 Nunc
319 2313 668 2370 disputationem
687 2313 882 2356 Heckeri
901 2313 932 2368 ⁶)
965 2313 1018 2355 de
1049 2312 1155 2355 navi
1170 2313 1297 2368 Argo
1330 2313 1387 2355 ad
1401 2313 1566 2356 Phaea-

48 2399 144 2427 cum
174 2387 347 2428 terram
377 2385 565 2442 appulsa
596 2386 892 2443 inspiciamus.
940 2385 1139 2427 Primum
1171 2385 1286 2427 enim
1316 2385 1362 2427 in
1386 2385 1564 2428 scholiis

45 2456 103 2499 ad
132 2457 262 2500 Dion.
295 2458 396 2501 Per.
429 2458 514 2501 495
546 2461 592 2502 et
623 2459 708 2515 Ap.
742 2458 825 2500 Rh.
859 2458 928 2500 IV
959 2458 1041 2500 983
1091 2462 1320 2501 servatum
1352 2461 1422 2500 est
1452 2457 1566 2499 illud

140 2598 175 2642 1)
202 2597 449 2634 Callimachea
474 2610 512 2644 p.
544 2602 595 2634 13.

138 2659 174 2704 2)
197 2659 306 2704 Apud
331 2661 448 2706 Pauly
473 2667 509 2696 et
536 2662 644 2697 Wiss.
675 2661 709 2695 II
737 2663 818 2697 774.

130 2722 178 2766 .3)
204 2722 448 2758 Callimachea
475 2724 508 2758 11
535 2725 615 2759 395.

139 2783 177 2826 4)
204 2784 455 2820 1327—1328:
481 2785 590 2826 τίνετ’,
618 2784 718 2831 ὔμμε.

140 2845 178 2889 5)
202 2844 249 2879 ad
274 2845 396 2890 Ι“669,
424 2847 525 2891 1008,
555 2849 655 2891 1297,
685 2849 786 2884 1309.

141 2907 179 2952 6)
204 2906 400 2943 Oomment.
427 2908 564 2945 Gallim.
591 2920 625 2955 p.
653 2911 699 2945 36
725 2921 822 2955 seqq.
