1898 3291
673 198 956 240 „37-

57 308 217 367 Itaque
249 325 344 353 cum
385 309 603 353 traditum
651 311 710 355 sit
753 311 885 362 οὐδεὶς
926 315 970 355 δὲ
1011 312 1159 370 ἱστορεῖ
1205 317 1267 357 διὰ.
1310 319 1447 359 τοὺτου
1485 320 1574 366 τοὺς

58 377 340 438 Ἀργοναὺτας
390 381 720 426 εὶσπεπλευκέναί
766 384 824 433 εἰς
871 389 939 442 τὴν
986 386 1185 442 ἡμετέραν
1232 391 1450 431 θάλασσαν
1498 391 1573 438 ἔξω

58 453 310 510 Τιμαγήτου,
359 453 389 509 ᾧ
420 453 706 512 ἠκολούθησεν
736 455 1043 506 Ἀπολλώνιος,
1078 474 1126 500 eo
1159 459 1352 502 efficitur
1387 464 1434 503 ut
1468 461 1571 503 (Jal—

56 525 270 569 limachus
321 525 396 582 qui
441 527 780 570 commentatori
832 528 947 570 haud
989 529 1166 585 ignotus
1210 535 1309 573 crat
1349 547 1428 587 por
1470 532 1573 575 hacc

56 598 196 641 verba
234 612 261 641 a
291 613 472 641 numero
505 614 656 642 eorum
689 600 763 656 qui
793 599 846 643 de
879 600 1026 644 reditu
1059 617 1138 657 per
1171 602 1375 646 Histrum
1417 619 1573 647 narra-

56 669 208 714 verint
239 669 516 715 excludatur.

768 880 857 924 Ill.

57 996 133 1038 DE
167 995 510 1038 MIRABILIVM
545 996 1060 1039 AVSCVLTATIONVM
1094 998 1246 1039 LIBRI
1267 998 1466 1040 CAPITE
1489 998 1572 1041 CV.

171 1108 318 1165 Supra
373 1108 551 1151 ostendi
604 1109 859 1165 fragmenta
902 1110 1197 1154 Callimachea
1240 1111 1351 1153 nihil
1398 1111 1570 1163 omnino

54 1182 292 1238 praebere,
339 1196 416 1223 cur
459 1181 567 1224 fides
601 1182 869 1225 scholiastae
900 1182 945 1224 in
977 1183 1154 1225 dubium
1186 1189 1383 1227 vocetur.
1444 1182 1572 1236 Quod

55 1256 107 1297 ut
139 1252 364 1305 concedas,
397 1255 547 1295 tamen
571 1253 806 1310 scriptoris
831 1254 1017 1298 alicuius
1038 1256 1342 1298 testimonium
1373 1256 1419 1298 in
1439 1255 1568 1309 libro,

57 1326 133 1384 qui
162 1328 390 1369 auctorem
423 1325 664 1368 ementitur
699 1326 1010 1381 Aristotelem,
1059 1331 1289 1370 servatum
1322 1327 1571 1371 sententiae

54 1397 322 1455 interpretis
364 1396 533 1440 veteris
564 1412 816 1453 repugnare
863 1398 1056 1441 videtur.
1132 1399 1278 1456 Caput
1319 1399 1432 1442 enim
1476 1398 1568 1441 CV.

55 1470 163 1513 libri
208 1469 278 1513 eui
308 1469 471 1513 titulus
503 1472 594 1525 περὶ
625 1472 866 1527 θαυμασίων
899 1471 1163 1527 ἀκουσμάτων
1196 1473 1265 1514 est
1297 1471 1359 1514 sic
1391 1470 1568 1526 incipit:

54 1545 153 1602 φασὶ
183 1543 225 1584 δὲ
257 1544 326 1584 καὶ
367 1544 433 1584 τὸν
474 1540 629 1597 Ἴστρον
669 1540 809 1597 ῥέοντα.
853 1542 900 1585 ἐκ
940 1551 1017 1584 τῶν
1051 1543 1269 1598 Ἑρκυνίων
1305 1545 1565 1599 καλουμένων

61 1617 218 1672 δρυμῶν
249 1616 469 1671 σχίζεσθαι
500 1616 570 1655 ’καὶ
601 1622 649 1670 τῇ
683 1617 753 1670 μὲν
784 1612 841 1662 εἰς
866 1617 931 1656 τὸν
949 1614 1099 1656 Πόντον
1133 1614 1227 1670 ῥεῖν,
1261 1623 1309 1671 τῇ
1343 1615 1384 1656 δὲ
1418 1613 1474 1663 εὶς
1505 1618 1570 1656 τὸν

54 1688 220 1744 Ἀδρίαν
243 1686 469 1742 ἐκβάλλειν.
533 1685 644 1727 Tum
667 1685 905 1742 exponitur
928 1686 1132 1729 Iasonem
1155 1687 1235 1729 hac
1256 1687 1331 1728 via
1353 1703 1407 1730 ex
1424 1687 1568 1729 Ponto

53 1757 100 1800 in
142 1756 330 1799 Adriam
373 1754 573 1798 rediisse.
648 1754 757 1796 Cum
787 1757 932 1797 totum
964 1760 1097 1811 caput
1127 1755 1173 1797 in
1213 1755 1403 1798 diversis
1448 1755 1568 1798 illius

54 1827 249 1872 fabulosi
279 1826 453 1870 reditus
484 1825 735 1868 rationibus
769 1826 1038 1882 exponendis
1072 1829 1118 1869 et
1140 1827 1447 1883 comparandis
1470 1843 1567 1870 ver-

55 1901 202 1951 setur,
235 1896 289 1940 de
321 1896 414 1939 eius
446 1894 595 1937 indole
625 1894 912 1952 fontibusque
945 1895 1167 1939 disserere
1200 1911 1308 1953 opus
1342 1901 1422 1939 est.
1486 1896 1574 1938 Sed

53 1969 182 2014 initio
230 1966 549 2025 disputationis
593 1967 808 2010 confiteor
848 1967 960 2010 hanc
1001 1968 1303 2024 quaestionem
1347 1968 1571 2024 suscipere

55 2043 187 2099 longe
230 2040 353 2083 aliud
392 2054 489 2083 esse
521 2053 571 2081 ac
613 2054 708 2082 rem
740 2038 797 2080 ad
837 2039 967 2081 finem
1008 2039 1180 2082 ducere.
1244 2039 1331 2083 Via
1364 2039 1477 2082 enim
1509 2039 1572 2081 in-

55 2113 332 2171 vestigandi,
377 2115 428 2156 ut
461 2111 617 2155 statim
648 2111 903 2167 apparebit,
949 2111 1230 2168 perdifficilis
1264 2115 1334 2155 est
1364 2127 1475 2155 neve
1506 2127 1574 2154 me

56 2187 156 2245 plus
189 2189 528 2229 consecuturum
560 2199 656 2227 esse
690 2198 819 2240 quam
850 2184 967 2240 quod
998 2184 1096 2227 veri
1128 2184 1271 2227 simile
1304 2184 1364 2228 sit
1396 2199 1573 2240 exspec-

54 2258 239 2304 taveris.

170 2331 239 2374 Ac
268 2329 460 2387 primum
487 2327 662 2385 quidem
684 2330 817 2384 caput
838 2327 981 2384 ipsum
1001 2327 1091 2370 CV.
1116 2327 1412 2384 inspiciamus,
1446 2326 1575 2384 quale

56 2405 117 2449 sit
139 2408 184 2448 et
206 2401 421 2461 quomodo
449 2416 545 2444 cum
567 2399 730 2443 ceteris
753 2414 864 2456 quae
886 2399 930 2441 111
962 2415 1094 2441 unum
1126 2399 1252 2441 illum
1282 2399 1444 2442 librum
1477 2415 1573 2441 con-

55 2479 187 2535 gesta
218 2478 340 2528 sunt,
374 2473 622 2517 cohaereat.
683 2472 782 2515 Duo
816 2471 930 2514 enim
961 2472 1110 2528 capita
1143 2472 1258 2515 CIV.
1293 2471 1384 2514 CV.
1419 2472 1475 2513 ad
1505 2487 1571 2514 re-

54 2550 208 2608 giones
240 2548 358 2591 circa
377 2546 592 2603 ⁴intimum
623 2545 793 2588 Adriae
836 2544 978 2587 sinum
1008 2544 1259 2601 pertinent,
1305 2544 1368 2587 sic
1399 2543 1573 2601 quidem

56 2625 109 2667 ut
131 2619 446 2680 quodammodo
480 2617 728 2674 singula-ria
752 2621 797 2660 et
829 2631 854 2659 a
875 2616 1060 2674 reliquis
1093 2615 1292 2660 seiuncta
1321 2616 1573 2660 videantur.

56 2692 174 2736 Nam
207 2689 340 2747 paulo
384 2692 487 2732 ante
528 2687 581 2730 de
627 2687 882 2743 regionibus
914 2686 1087 2730 Italicis
1121 2685 1367 2743 Siculisque
1408 2687 1573 2743 agitur,

55 2762 293 2819 eodemque
337 2759 482 2804 oratio
525 2759 571 2802 in
613 2774 735 2816 capp.
769 2758 885 2802 CVI.
919 2774 1038 2815 seqq.
1084 2757 1347 2801 revertitur.
1409 2756 1572 2800 Artior

53 2835 195 2892 igitur
241 2835 311 2875 est
351 2831 477 2889 quasi
522 2847 659 2874 nexus
703 2831 824 2875 inter
862 2831 969 2874 haec
1012 2830 1095 2873 duo
1141 2834 1186 2873 et
1228 2829 1410 2873 firmior.
1472 2829 1569 2872 Pri-

56 2923 173 2953 mum
205 2906 257 2950 de
288 2909 436 2948 monte
483 2905 669 2962 quodam
715 2920 853 2962 prope
884 2903 1073 2947 Adriam
1119 2902 1229 2957 sito,
1277 2902 1392 2947 unde
1438 2903 1572 2949 etiam
