1898 3291
708 191 989 233 „41—

87 310 278 364 tangant
322 310 539 366 praestat.
614 308 741 350 Libri
772 307 916 365 quinti
948 307 1091 364 capito
1126 308 1190 351 VI
1233 307 1455 363 regionem
1489 305 1607 348 circa

85 378 279 423 Aetnam
311 379 378 422 his
411 380 560 422 vorbis
594 379 817 436 depingit:
850 378 1012 435 ὕστερον
1046 381 1088 421 δὲ
1120 388 1191 437 της
1211 380 1362 435 Αἴτνης
1393 379 1432 420 ἐν
1456 380 1609 420 πλείοσι

86 453 224 498 τόποις
257 449 556 508 ἀναφυσήματα
589 454 714 506 πυρὸς
745 450 932 506 ἀνιείσης,
967 453 1037 491 καὶ
1061 452 1210 492 πολλοῦ
1242 454 1346 491 κατὰ
1377 455 1446 507 τὴν
1469 455 1606 507 χώραν

92 519 242 577 ῥυακος
273 520 522 578 ἐκχυθέντος
541 556 550 570 ,
595 525 741 579 συνέβη
773 526 982 581 φθαρῆναι
1015 530 1087 578 της
1119 531 1195 578 γης
1228 522 1291 564 ἐπὶ
1319 524 1440 563 πολὺν
1474 526 1602 563 τόπον.

85 592 181 635 Iam
213 593 492 650 exploratum
540 594 656 647 cst¹)
698 597 743 637 et
776 593 881 636 haec.
913 597 959 636 ct
990 594 1131 636 multa
1174 609 1284 650 quac
1317 593 1444 635 initio
1478 593 1604 635 buius

85 663 193 707 libri
221 664 448 708 Diodorus
482 666 719 721 congessit,
753 665 863 707 nihil
895 681 991 708 csso
1023 665 1109 707 nisi
1142 665 1311 707 Timavi
1343 665 1604 707 dtwtrinaun.

87 735 199 778 Tum
221 735 488 780 Strabonem
521 738 580 792 (V
613 738 713 792 223)
747 737 917 779 Timaei
949 738 1086 779 verba
1118 738 1171 779 ob
1204 736 1351 779 oculos
1385 737 1604 788 habuisse,

86 811 209 850 recte
260 808 424 852 statuit
471 809 756 852 Guentherus
812 808 868 864 (p.
902 808 976 864 47)
1030 807 1098 850 his
1130 807 1409 864 potissinmm
1441 823 1610 864 compa-

85 878 228 922 ratis:
261 906 317 909 —

131 950 335 994 Timaeus
375 966 442 1008 ap.
476 951 606 994 Diod.
638 951 713 1009 IV·
738 951 792 993 56
1088 950 1251 993 Strabo
1285 950 1326 993 V
1357 949 1442 991 224

88 1026 178 1079 περὶ
209 1027 280 1080 μὲν
299 1027 375 1080 γὰρ
408 1028 478 1081 τὴν
499 1023 722 1080 Τυρρηνίαν
746 1039 823 1065 κα·
884 1024 964 1065 ἔστι
997 1024 1040 1064 δὲ
1074 1025 1181 1064 κατὰ
1212 1026 1280 1079 τὴν
1308 1022 1514 1064 Αἰθαλίαν
1547 1024 1607 1063 λι-

90 1097 393 1144 ταπλευσαντας
436 1095 580 1144 αὐτοὺς
619 1095 677 1144 εἷς
710 1104 827 1153 νῆσον
888 1099 966 1153 μὴν
998 1094 1180 1151 Ἀργῷος
1218 1094 1296 1136 ἀπὸ
1337 1098 1407 1151 της
1437 1094 1609 1150 Ἄργους

89 1172 158 1226 τὴν
190 1167 488 1226 ὀνομαζομένην
510 1168 734 1210 Αἰθάλειαν
755 1172 820 1210 τὸν
882 1168 938 1217 ὣς
978 1184 1109 1226 φασιν.
1152 1167 1284 1209 ἐκεῖσε
1324 1170 1400 1223 γὰρ
1441 1168 1611 1209 πλεῦσαι

88 1242 132 1286 ἐν
168 1238 271 1297 αὐτῇ
301 1241 457 1297 λιμένα,
497 1241 709 1282 κάλλιστον
736 1241 831 1282 ὄντα
891 1243 959 1297 τὴν
979 1247 1049 1296 τῆς
1064 1238 1225 1296 Κίρκης
1249 1239 1405 1295 οἴκησιν
1419 1241 1612 1295 ζητοῦντα

94 1320 168 1354 τῶν
194 1311 234 1354 ἐν
265 1311 435 1361 ἐκείνοις
466 1320 548 1361 τοῖς
578 1317 713 1360 τόποις
735 1311 831 1367 ’Λρ-
892 1315 956 1354 τὸν
985 1310 1158 1360 Ἰάσονα,
1191 1319 1262 1367 τῆς
1293 1311 1480 1367 Μηδείας
1512 1309 1610 1351 ἐθε-

91 1393 196 1439 γῷον
239 1384 318 1427 ἀπὸ
361 1393 434 1441 τῆς
476 1389 577 1433 νεὼς
629 1400 826 1441 προσαγο-
888 1386 1038 1440 λουσης
1067 1382 1164 1425 ἰδεῖν
1196 1386 1265 1439 τὴν
1298 1385 1424 1424 θεάν·
1457 1384 1526 1423 καὶ
1559 1382 1608 1438 δὴ

93 1463 244 1512 ρέῦσαι.
885 1459 955 1499 καὶ
995 1464 1069 1498 τῶν
1093 1455 1497 1510 ἀποστλέγγισμοίτων
1530 1469 1609 1495 πα-

883 1532 1027 1582 γέντων
1071 1530 1096 1569 ἃ
1129 1527 1285 1569 ἐποίουν
1317 1525 1353 1568 οἱ
1383 1522 1608 1582 Ἀργοναῦ-

881 1617 957 1651 ται,
990 1602 1186 1657 διαμένειν
1227 1601 1284 1642 ἔτι
1323 1602 1393 1641 καὶ
1423 1606 1486 1641 νῦν
1519 1600 1607 1640 δια-

884 1675 1092 1721 ποικίλους
1134 1675 1205 1721 τὰς
1245 1671 1309 1714 ἐπὶ
1354 1679 1426 1727 τῆς
1469 1670 1607 1728 ἠϊόνος

884 1751 1056 1805 ψήφους-

208 1817 258 1861 Si
288 1817 429 1874 igitur
463 1818 608 1861 omnia
631 1818 687 1860 ad
708 1817 1076 1874 Argonautarum
1106 1817 1301 1860 reditum
1331 1814 1607 1872 pertinentia

91 1904 202 1946 quae
234 1893 313 1932 aut
345 1888 529 1933 disertis
574 1889 724 1933 verbis
759 1890 937 1932 Timaeo
985 1888 1161 1932 tributa
1205 1891 1308 1930 sunt
1355 1890 1434 1928 aut
1467 1885 1605 1928 ratio—

95 1959 315 2003 cinatione
347 1960 476 2003 firma
507 1961 548 2004 ei
578 1961 798 2004 vindicari
828 1963 1039 2018 possunt.
1086 1960 1132 2002 in
1162 1975 1295 2001 unum
1327 1957 1606 2014 comprehen-

95 2031 260 2085 dimus,
303 2032 350 2074 in
389 2037 546 2089 aperto
588 2037 658 2077 est
702 2038 870 2090 quanta
916 2035 1064 2076 exstet
1112 2031 1356 2074 similitudo
1399 2045 1494 2072 cum
1538 2029 1604 2072 his

96 2103 558 2160 pseudoaristotelicis
599 2120 708 2162 quae
752 2105 839 2148 iam
878 2107 1138 2148 tractamus.
1215 2102 1338 2154 Quae
1370 2104 1519 2144 tamen
1551 2100 1605 2143 si-

93 2174 298 2218 militudo
330 2178 476 2219 totum
508 2179 641 2233 caput
672 2191 760 2218 non
799 2175 1000 2231 attingit.
1063 2174 1199 2216 Immo
1232 2173 1312 2215 illa
1342 2187 1447 2229 pars
1479 2171 1606 2228 prior

94 2246 394 2301 narrationis,
440 2262 550 2305 quae
595 2251 665 2291 est
711 2247 764 2290 de
795 2246 956 2289 Histro
1001 2245 1144 2289 diviso
1193 2248 1238 2287 et
1284 2243 1330 2285 in
1370 2248 1607 2300 utrumque

94 2333 216 2362 mare
247 2319 420 2373 delato,
453 2322 548 2363 tum
580 2319 633 2363 de
665 2319 757 2362 aris
790 2320 844 2361 ab
875 2318 1034 2360 Iasone
1067 2317 1112 2358 in
1142 2316 1312 2358 Adriae
1344 2315 1502 2358 insulis
1535 2331 1606 2358 ex—

95 2389 305 2445 structis,
354 2391 486 2447 plane
526 2391 672 2434 aliena
716 2395 785 2434 est
826 2391 880 2432 ab
911 2389 1001 2432 illis
1048 2403 1158 2445 quae
1200 2387 1390 2430 omnium
1421 2387 1606 2430 testium

95 2477 311 2505 consensu
342 2463 522 2506 Timaeo
567 2462 807 2506 tribuenda
846 2464 963 2504 sunt.
1037 2460 1125 2503 Sed
1165 2459 1266 2501 inde
1299 2474 1324 2501 a
1368 2458 1518 2501 verbis
1552 2459 1605 2500 ἔτι

94 2534 137 2575 δὲ
173 2535 352 2588 λέγουσιν
394 2533 450 2583 ὡς
481 2532 556 2577 οὐκ
587 2533 633 2576 ἂν
666 2534 919 2589 παρέπλευσε
961 2548 1045 2574 me.
1088 2530 1232 2574 omnia
1264 2530 1490 2573 Timaeum
1531 2530 1604 2572 ad-

93 2608 286 2648 monent.
346 2606 499 2663 Atque
531 2606 637 2649 haec
669 2604 894 2648 sententia
924 2603 1160 2645 manifeste
1205 2603 1258 2644 ab
1291 2617 1340 2644 eo
1373 2601 1608 2645 enuntiata

95 2679 166 2720 est
211 2677 287 2733 qui
333 2677 563 2720 contendit
608 2677 709 2719 illos
752 2675 954 2732 scopulos
998 2673 1272 2731 periculosos
1325 2688 1430 2729 quos
1477 2672 1604 2728 Argo

94 2749 411 2804 praetervecta
441 2747 515 2801 sit,
548 2747 594 2790 in
624 2746 881 2803 regionibus
916 2744 1262 2788 occidentalibus
1295 2744 1411 2788 circa
1427 2745 1608 2788 Italiam

192 2864 227 2908 1)
253 2851 645 2907 cf.'Mue11enh0ffium‚
670 2864 850 2899 Deutsche
860 2863 1178 2899 Altertumskunde
1204 2864 1220 2897 Ι
1245 2865 1324 2899 442.
1360 2862 1604 2902 Guenhterum

97 2923 123 2960 1.
151 2934 180 2959 c.
207 2935 242 2971 p.
269 2926 315 2960 28
340 2923 422 2960 adn.
463 2927 493 2960 1.
520 2924 777 2971 Geffckenium‚
804 2925 826 2963 l.
855 2936 883 2961 c.
910 2935 991 2973 pag.
1019 2927 1075 2963 62.
