1839 3265
850 176 1134 221 —3ssm

356 296 560 339 Alterum
604 293 775 351 quidem
832 307 884 333 cx
936 290 1003 332 his
1052 290 1253 347 reliquiis
1300 306 1396 334 cum
1441 286 1754 347 Apollonianis

242 368 504 425 ‹·‹.1111›2u·atis
538 366 632 409 crui
662 367 823 421 potest.
900 362 1153 404 Cavendum
1185 363 1300 406 enim
1332 366 1402 407 cst
1434 379 1487 406 nc
1519 363 1565 405 in
1597 362 1754 420 elegiis

242 440 526 483 restituendis
552 441 705 495 poetae
735 436 855 492 epiro
884 434 1012 477 nimis
1031 435 1235 478 confidas.
1287 436 1394 479 Cum
1422 435 1535 479 enim
1559 435 1753 479 alterum

237 515 290 554 ab
322 513 465 554 altero
499 510 687 553 carmine
737 524 831 550 cum
875 511 1037 549 natura
1082 509 1175 549 tum
1219 522 1271 550 ex
1317 510 1416 551 arte
1453 506 1752 550 Alexandrina

237 581 487 635 longissimo
506 580 656 630 distet,
690 590 900 620 summula
931 575 1134 619 cautione
1167 592 1274 633 opus
1309 580 1390 630 est,
1425 576 1463 619 si
1494 578 1549 619 ab
1574 576 1749 633 Apollo-

237 654 306 695 nio
339 654 561 708 profectus
594 650 650 692 ad
682 648 996 691 Callimachum
1029 647 1267 691 ascendere
1310 648 1392 691 vis.
1455 648 1626 690 Scimus
1660 648 1752 705 qui-

239 726 331 766 ‹lvm
377 724 490 780 quod
540 722 596 764 ad
628 721 878 764 universam
925 719 1097 762 reditus
1145 719 1365 762 rationem
1397 719 1566 763 attinet
1614 719 1754 776 Cyre-

235 811 388 839 naeum
428 797 482 837 ab
525 793 703 836 insulsis
738 792 827 835 illis
861 791 1025 834 fabulis
1065 791 1378 848 geographicis
1412 806 1457 834 se
1490 791 1750 836 retinuisse.

235 867 454 924 Apollonii
486 866 597 909 enim
629 864 831 908 narratio
865 880 917 907 ex
949 863 1118 906 duabus
1166 864 1372 920 partibus
1407 867 1612 920 constat,
1646 879 1750 923 qua-

235 956 330 982 rum
378 954 461 982 una
505 938 561 981 ad
603 938 805 994 regiones
860 936 1058 992 singulas
1103 936 1190 978 iam
1232 936 1428 980 vetustis
1474 937 1749 996 temporibus

234 1027 327 1055 cum
368 1011 445 1053 hac
492 1010 643 1053 fabula
685 1010 938 1053 coniunctas
980 1008 1203 1065 pertinet,
1251 1008 1399 1052 altera
1443 1009 1500 1052 ad
1530 1009 1751 1054 rationem

233 1101 317 1141 qua
363 1085 441 1127 hac
486 1083 688 1139 regiones
735 1082 939 1125 diversae
986 1081 1031 1123 in
1062 1096 1195 1123 unum
1238 1081 1433 1125 reditum
1465 1082 1746 1139 rediguntur.

232 1157 357 1210 Quod
397 1156 553 1200 fecisse
586 1171 681 1199 cum
723 1154 908 1198 maxime
950 1154 1134 1198 intersit
1176 1154 1288 1211 epici
1327 1158 1508 1211 poetae,
1556 1170 1583 1199 a
1613 1154 1748 1199 Calli-

233 1229 381 1272 macho
415 1229 603 1272 alienum
648 1228 819 1271 omnino
852 1227 1012 1280 fuisse,
1057 1229 1400 1270 consentaneum
1445 1230 1527 1270 est.
1589 1227 1750 1285 Itaque

232 1301 486 1359 Apollonius
532 1301 569 1343 si
612 1300 783 1343 omnino
828 1300 873 1342 in
916 1300 1048 1343 rebus
1095 1301 1455 1355 Argonautarum
1508 1300 1747 1343 narrandis

233 1373 289 1416 ad
321 1372 633 1416 Callimachum
666 1387 710 1416 se
742 1371 975 1428 applicuit,
1008 1371 1054 1413 in
1087 1371 1362 1427 singularum
1393 1371 1648 1415 fabularum
1680 1387 1747 1416 co·

231 1445 398 1488 loribus
432 1445 573 1488 veluti
604 1444 649 1487 in
691 1443 950 1501 veriloquiis
985 1446 1030 1486 et
1061 1443 1248 1486 maxime
1280 1443 1326 1485 in
1358 1448 1617 1488 ornamento
1650 1458 1749 1488 ora-

231 1517 363 1561 tionis
397 1517 640 1560 cohibuisse
672 1516 967 1559 imitationem
999 1515 1319 1559 existimandus
1353 1520 1435 1560 est.

345 1589 574 1632 Conclusio
606 1588 747 1645 igitur
772 1588 901 1631 firma
922 1591 1056 1645 atque
1078 1591 1204 1632 certa
1221 1588 1412 1632 efficitur
1428 1588 1745 1633 Callimachum

230 1661 275 1704 in
305 1662 454 1705 reditu
486 1661 733 1705 enarrando
766 1661 985 1704 rationem
1017 1662 1071 1703 ab
1096 1660 1328 1718 Apollonio
1359 1660 1491 1718 plane
1521 1661 1746 1706 diversam

231 1738 427 1778 secutum
476 1749 582 1777 esse.
657 1734 779 1786 Quae
825 1733 933 1790 ipsis
982 1732 1242 1776 Callimachi
1283 1732 1434 1776 verbis
1482 1733 1746 1777 examinatis

232 1806 577 1860 enucleavimus,
625 1805 775 1849 eadem
807 1806 942 1848 etiam
982 1804 1143 1848 iudicio
1177 1808 1222 1849 et
1254 1804 1528 1849 auctoritate
1551 1805 1746 1849 ‘scholia-

232 1884 326 1923 stae
372 1879 481 1922 freti
523 1878 717 1922 dicimus.
786 1879 876 1921 Par
908 1877 1022 1921 enim
1054 1883 1150 1932 est,
1199 1893 1294 1921 cum
1336 1877 1445 1921 fides
1478 1877 1746 1922 scholiorum

230 1967 315 1993 non
345 1956 437 1994 tam
466 1951 595 1994 facile
620 1966 747 2008 quam
774 1950 1067 1994 Schneiderus
1094 1950 1327 2007 putaverit
1359 1950 1563 1995 subverti
1585 1951 1745 2008 possit,

230 2023 309 2066 hoc
356 2039 522 2080 quoque
556 2026 863 2079 argumentum
892 2022 1182 2080 perpendere.
1256 2022 1452 2066 Ratione
1484 2023 1599 2066 enim
1630 2022 1744 2066 satis

234 2098 355 2138 certa
388 2094 728 2138 concludendum
761 2098 830 2137 est
849 2094 1128 2149 scholiastae,
1162 2093 1237 2151 qui
1268 2094 1349 2137 hac
1379 2093 1425 2136 in
1456 2093 1747 2137 adnotatione

232 2166 544 2209 Callimachum
587 2166 654 2210 bis
700 2170 863 2210 testem
906 2166 1168 2219 advocavit,
1219 2165 1416 2209 carmina
1447 2164 1746 2209 Callimachea

232 2238 340 2281 satis
373 2243 478 2282 nota
508 2239 657 2282 fuisse.
732 2239 818 2292 Qui
861 2239 1002 2296 igitur
1045 2238 1126 2281 illa
1169 2239 1308 2282 verba
1349 2236 1481 2286 οὐδεὶς
1521 2238 1564 2279 δὲ
1592 2237 1746 2294 ἱστορεῖ

234 2310 296 2350 διὰ
328 2312 465 2352 τοῦτο’)
499 2313 589 2358 τοὺς
621 2310 899 2367 ’Amo-mnae,-
932 2310 1262 2353 εἰσπεπλευκὲναι
1293 2325 1376 2352 zze.
1409 2309 1616 2364 intellegi
1645 2324 1744 2366 pos-

232 2384 363 2424 sunt?
408 2382 615 2425 Profecto
638 2398 816 2426 necesse
837 2388 968 2436 esset,
994 2383 1032 2426 si
1055 2382 1323 2426 Schneidero
1350 2381 1743 2438 adstipularemur‚

228 2451 339 2494 illud
385 2468 546 2509 ponere
595 2454 709 2511 quod
753 2470 807 2497 ne
850 2454 1038 2511 speciem
1079 2454 1254 2511 quidem
1294 2453 1506 2497 veritatis
1553 2467 1664 2510 prae
1695 2468 1743 2497 se

230 2523 333 2578 fert,
368 2525 706 2569 scholiastarum
737 2527 929 2570 alterum
960 2527 1041 2569 illa
1065 2525 1374 2578 Callimachea,
1407 2525 1602 2568 alterum
1631 2525 1744 2568 hanc

231 2595 559 2640 adnotationem
590 2597 643 2641 de
662 2598 893 2655 Timageto
926 2599 1186 2642 condidisse.
1248 2599 1376 2642 Inest
1407 2612 1513 2640 sane
1543 2596 1590 2639 in
1621 2597 1743 2641 scho—

228 2666 287 2709 lio
331 2668 441 2710 illud
483 2668 536 2711 de
568 2669 790 2713 Hecataeo
836 2670 1140 2714 testimonium
1172 2669 1289 2727 quod
1319 2669 1442 2713 viros
1476 2668 1630 2712 doctos
1666 2668 1743 2711 diu

229 2738 432 2792 vexavit,
477 2740 593 2796 quod
622 2755 728 2783 vero
761 2741 807 2783 id
836 2744 1011 2785 tantum
1043 2742 1172 2786 docet
1204 2744 1282 2785 aut
1315 2756 1473 2785 nomen
1505 2756 1601 2784 esse
1645 2756 1740 2784 cor-

229 2812 407 2865 ruptum
438 2814 516 2854 aut
546 2812 757 2855 nonnulla
786 2812 1080 2857 intercidisse.
1127 2814 1229 2856 Tali
1260 2813 1313 2857 de
1346 2827 1478 2856 causa
1508 2828 1563 2857 ne
1595 2812 1740 2870 suspi-

230 2879 393 2923 cionem
440 2882 611 2938 quidem
656 2884 708 2928 de
754 2884 945 2928 diversis
992 2885 1147 2929 scholii
1190 2886 1389 2929 fontibus
1421 2885 1586 2928 habere
1616 2884 1740 2930 licet.
