1938 3319
919 221 1202 266 ..10ss

413 340 570 398 Itaque
603 354 674 383 res
708 338 817 383 duas
850 353 933 384 uno
968 338 1184 382 sermonis
1225 341 1444 384 contextu
1477 337 1818 397 comprehensas

301 418 518 465 tenemus,
564 412 657 456 dico
695 412 812 457 viam
856 426 983 470 quarn
1014 412 1167 469 Argus
1210 412 1392 470 exponit
1437 416 1483 457 et
1529 413 1646 456 viam
1687 426 1818 470 quam

301 486 591 541 Argonautae
624 499 784 528 revera
815 483 1062 528 conficiunt.
1124 483 1251 528 Licet
1282 484 1708 542 igitur‘exspectare
1736 483 1816 528 has

296 559 402 601 duas
428 559 544 601 inter
577 574 622 601 se
651 557 899 610 concinere,
933 560 1176 614 propterea
1202 555 1319 614 quod
1351 559 1485 613 poeta
1533 556 1702 613 fingere
1748 554 1813 598 vi-

301 631 431 674 detur
464 624 751 686 Argonautas
795 630 838 672 id
885 629 1000 687 quod
1031 631 1184 686 Argus
1232 629 1375 673 suasit
1415 628 1670 687 perfecisse.
1741 626 1818 671 Ni-

299 703 530 746 hilominus
564 703 679 746 inest
711 703 755 744 in
786 702 960 755 verbis,
994 702 1109 746 sicut
1141 701 1314 745 tradita
1347 705 1462 755 sunt,
1498 700 1815 758 discrepantia,

298 776 342 818 in
374 791 422 818 eo
455 775 629 832 quidem
661 775 776 833 quod
807 775 959 831 Argus
1008 789 1100 817 rem
1141 773 1276 817 aliter
1309 777 1443 831 atque
1477 777 1709 830 exspectes
1742 787 1815 815 ex·

299 848 459 905 posuit.
523 847 644 901 Quae
677 863 772 890 cum
804 848 869 890 ita
902 847 1019 900 sint,
1054 861 1149 889 eam
1181 845 1456 889 narrationis
1490 848 1667 903 partem
1682 845 1726 900 ¹),
1760 844 1813 888 de

303 936 387 977 qua
409 919 530 962 nulla
555 920 649 962 fere
672 918 893 961 dubitatio
918 922 999 970 est,
1034 918 1305 969 examinabo.
1339 922 1433 961 tum
1465 916 1522 959 ad
1554 915 1677 958 illam
1700 914 1818 972 Argi

300 990 545 1033 orationem
577 988 962 1045 interpretandam
995 987 1247 1044 aggrediar.

411 1062 477 1104 Ac.
509 1061 695 1118 primum
731 1060 904 1117 quidem
948 1063 994 1103 et
1025 1060 1317 1116 Argonautae
1363 1062 1410 1102 et
1443 1057 1595 1101 Colchi
1636 1056 1712 1114 qui
1742 1071 1817 1108 eos

295 1138 587 1189 persecuntur
619 1133 675 1174 ad
692 1132 899 1175 Histrum
932 1147 1109 1173 cursum
1141 1134 1311 1174 tenent.
1361 1130 1520 1173 Hister
1547 1131 1708 1181 autem,
1741 1126 1819 1184 qui

295 1205 482 1247 insulani
515 1204 838 1260 triangularem
870 1203 1156 1255 circumfluit,
1202 1218 1283 1259 per
1316 1202 1399 1244 duo
1434 1201 1551 1245 ostia
1581 1214 1739 1257 aquam
1771 1199 1817 1241 in

295 1293 415 1320 mare
436 1277 592 1320 mittit.
639 1276 759 1318 Illud
777 1276 939 1318 ostium
962 1275 1078 1332 quod
1106 1278 1175 1318 est
1196 1277 1276 1317 sub
1298 1275 1428 1317 imam
1446 1273 1617 1317 insulae
1641 1276 1818 1330 partem

295 1350 400 1393 duce
432 1349 639 1405 Apsyrto
685 1348 835 1391 Colchi
878 1348 1053 1390 intrant
1097 1352 1142 1390 et
1184 1347 1308 1403 prius
1352 1361 1482 1403 quam
1522 1346 1816 1401 Argonautae

295 1437 431 1478 usque
478 1421 533 1463 ad
577 1421 778 1464 intimum
824 1420 966 1462 sinum
1007 1419 1144 1462 maris
1175 1419 1290 1461 Ionii
1332 1418 1600 1476 perveniunt
1619 1417 1665 1470 2).
1727 1416 1817 1460 Ubi

297 1492 355 1534 sit
388 1507 508 1533 mare
540 1491 664 1543 illud,
699 1506 751 1533 ex
784 1490 987 1533 versibus
1021 1491 1103 1531 327
1137 1505 1256 1546 seqq.
1292 1489 1403 1532 satis
1437 1492 1639 1545 apparet.

415 1564 510 1619 Ego
555 1562 730 1619 quidem
760 1578 847 1604 non
890 1562 1104 1618 intellego
1138 1576 1223 1618 qua
1264 1561 1439 1604 ratione
1484 1559 1818 1617 interpretandi

298 1634 557 1677 Gerhardus
578 1635 609 1688 ³)
658 1637 703 1676 et
734 1632 1025 1687 31e1=kelius⁴)
1058 1632 1128 1675 usi
1160 1633 1275 1686 sint,
1323 1633 1398 1689 qui
1443 1632 1495 1675 de
1543 1634 1674 1688 parte
1707 1630 1815 1674 occi-

298 1706 467 1749 dentali
496 1706 631 1749 Ponti
651 1705 817 1747 Euxini
848 1705 917 1747 hic
949 1705 1022 1761 agi
1053 1708 1229 1762 putant.
1276 1705 1453 1747 Scholia
1485 1704 1599 1747 enim
1631 1703 1687 1746 ad
1718 1717 1817 1746 ver-

297 1793 391 1819 sum
407 1779 490 1820 308
516 1778 745 1834 adscripta-
767 1776 878 1818 nihil
903 1777 1099 1820 afferunt
1119 1777 1235 1834 quod
1263 1777 1363 1819 huic
1387 1775 1583 1833 opinioni
1603 1775 1758 1818 faveat
1772 1773 1814 1828 ⁵).

299 1850 452 1906 Neque
484 1849 601 1906 apud
633 1854 809 1892 veteres
853 1848 998 1904 opinio
1030 1849 1120 1891 ista
1152 1849 1422 1905 pervulgata
1454 1851 1575 1901 erat,
1616 1847 1662 1890 id
1702 1847 1819 1904 quod

298 1922 427 1978 paulo
453 1922 570 1964 infra
603 1922 910 1964 demonstrare
943 1922 1146 1963 conabor.
1209 1920 1297 1964 Sed
1327 1921 1557 1964 redeamus
1590 1919 1647 1962 ad
1677 1919 1820 1976 ipsam

296 1994 610 2036 narrationem.

412 2066 704 2121 Argonautae
736 2080 816 2121 per
836 2065 1027 2108 alterum
1050 2065 1202 2108 Histri
1233 2065 1408 2117 ostium,
1443 2080 1469 2107 a
1497 2063 1817 2121 septemtrione

300 2138 464 2180 Peuces
497 2137 668 2179 insulae
702 2137 860 2189 situm,
906 2136 1023 2178 viam
1063 2140 1230 2180 tenent.
1294 2137 1515 2179 Thracum
1547 2135 1819 2191 Scytharum

299 2209 600 2265 Sigynnorum
640 2212 833 2262 terram,
880 2209 1114 2264 Augurum
1153 2212 1348 2252 montem
1384 2208 1715 2265 praetervecti,
1762 2207 1820 2250 ad

299 2281 522 2337 scopulum
556 2281 808 2323 Cauliacum
840 2281 1120 2337 perveniunt,
1154 2281 1228 2323 ubi
1255 2281 1413 2324 Hister
1444 2280 1491 2322 in
1521 2280 1629 2322 duas
1661 2281 1818 2336 partes

304 2353 544 2395 scinditur:
593 2357 687 2394 tum
720 2367 869 2409 campo
901 2353 1068 2395 Laurio
1100 2353 1499 2410 praeternavigato
1532 2368 1634 2394 mox
1663 2366 1690 2394 a
1722 2350 1820 2394 Col-

299 2422 389 2464 chis
423 2421 682 2464 obsidentur
715 2421 790 2478 qui
820 2422 865 2464 in
889 2437 1011 2464 mare
1036 2422 1296 2465 Saturnium
1321 2422 1493 2478 egressi
1525 2425 1643 2464 sunt.
1687 2419 1816 2462 Unde

300 2494 369 2536 hic
400 2508 604 2549 egressus
638 2493 782 2536 factus
817 2493 888 2547 sit,
924 2510 945 2536 e
977 2494 1181 2537 versibus
1211 2495 1439 2536 307-308
1470 2492 1622 2548 colligi
1651 2494 1816 2548 potest,

297 2565 370 2607 ubi
413 2564 576 2607 dicitur
610 2564 794 2607 Colchos
840 2565 1011 2608 cervice
1042 2568 1195 2608 terrae
1238 2565 1432 2621 traiecta
1474 2579 1613 2621 usque
1656 2562 1713 2605 ad
1752 2562 1816 2604 in·

391 2685 425 2728 1)
452 2685 649 2719 302—337.

390 2746 426 2789 2)
453 2747 531 2779 308.

398 2809 433 2850 3)
460 2806 549 2841 Rem
571 2806 744 2841 tractavit
769 2805 978 2842 Gerhardus
1005 2807 1040 2842 in
1066 2808 1299 2843 Lectionibus
1324 2807 1585 2852 Apolloniam's
1610 2817 1692 2851 pag.
1720 2808 1776 2841 81.

394 2870 428 2912 4)
456 2868 501 2902 ad
532 2868 718 2912 Apollonii
746 2867 774 2902 B
805 2871 881 2903 745.

396 2931 434 2977 5)
460 2929 504 2964 cf.
531 2930 640 2965 etiam
667 2930 786 2965 Schol.
815 2930 942 2979 Eurip.
969 2931 1005 2965 in
1032 2931 1179 2979 Hippol.
1207 2934 1286 2969 736.
