1898 3291
729 212 781 217 „-
843 188 897 229 59
958 178 1052 219 -’

115 299 358 358 Euripides
401 314 496 343 rem
529 298 674 342 obiter
708 301 1089 355 commemoravit,
1138 306 1208 344 ter
1255 301 1427 358 quidem
1470 304 1519 345 ut
1551 318 1628 345 nos

117 371 332 417 certiores
355 371 527 415 faciunt
549 387 704 415 versus
726 372 905 415 Medeae
929 373 1023 425 1⁴57,
1049 373 1330 415 132-34-12-33-55
1355 390 1446 415 vom
1466 373 1628 416 scholio

114 443 161 486 in
191 443 390 488 Medeam
424 444 506 486 167
539 443 714 486 collati:
760 451 826 486 τοῦ
859 442 1068 500 ,Εὐριπίδου
1111 449 1210 500 μήτε
1250 444 1424 486 ἐνταῦθα
1456 450 1555 500 μήτε
1589 446 1627 486 εν

115 524 171 571 τῷ
205 515 318 570 Αἰγεῖ
351 517 609 574 δηλώσαντος
641 519 705 558 τὀν
733 516 934 572 Ἄψυρτον
967 515 1169 572 ὀνομαστί.
1232 516 1338 558 Cum
1372 516 1478 558 hanc
1512 532 1623 557 men-

119 586 285 632 tionem
317 587 363 630 in
394 587 547 630 fabula
578 587 722 641 Αἰγεὺς
754 588 995 631 scholiasta
1025 587 1080 630 ad
1113 604 1267 631 versus
1299 587 1478 630 Mcdcac

408 667 613 702 κτανοῦσα
644 663 720 716 γὰρ
752 661 800 716 δὴ
833 663 900 702 σὸν
933 664 1048 703 κάσιν
1079 665 1302 716 παρέστων,

411 735 456 774 τὸ
488 734 768 787 καλλίπρῳρον
801 731 960 788 εὶσέβης
991 731 1161 787 Ἀργοῦς
1192 736 1347 789 σκάφος

113 803 353 857 conferret,
387 819 516 861 quam
547 804 710 848 leviter
747 804 985 860 Euripides
1018 820 1107 847 reni
1142 803 1462 860 perstrinxerit
1494 802 1622 844 facilc

114 875 438 920 aestimaveris.
500 876 759 929 Praeterea,
793 876 831 918 si
862 892 914 918 cx
946 875 1011 918 his
1045 876 1193 932 paucis
1225 883 1422 917 κτανοῦσα
1555 890 1628 916 πα-

113 951 264 1003 ρὲστιον
398 947 556 1004 εἰσεβης
691 948 860 1004 aliquid
879 948 1007 991 'effici
1037 951 1201 1004 potest,
1233 947 1465 1003 imaginem
1502 946 1627 1002 pueri

111 1018 228 1062 domi
259 1019 431 1062 Aeetae
475 1019 726 1073 interfecti,
776 1020 890 1062 sicut
921 1019 1157 1076 Sophocles
1206 1019 1288 1061 sibi
1322 1019 1460 1067 finxit,
1494 1017 1625 1060 etiam

110 1089 350 1147 Euripides
393 1093 497 1134 ante
543 1091 690 1134 oculos
736 1091 903 1134 habuit.
967 1091 1077 1134 Tres
1111 1091 1252 1146 igitur
1284 1095 1422 1133 testes
1460 1089 1627 1131 nobiles

111 1162 503 1218 interrogavimus,
538 1163 612 1220 qui
636 1163 811 1206 etiamsi
832 1163 878 1205 in
904 1163 1089 1219 singulis
1116 1163 1246 1219 paulo
1267 1162 1449 1214 distant,
1482 1166 1630 1204 tamen

111 1234 158 1279 in
188 1234 255 1277 his
289 1235 572 1278 consentiunt
592 1235 791 1278 Medeam
822 1236 1014 1278 fratrem
1035 1235 1081 1277 in
1104 1234 1308 1278 Colchide
1340 1232 1630 1276 interfecisse.

113 1306 202 1350 Sed
232 1309 381 1350 restat
424 1306 546 1349 aliud
576 1307 725 1363 magni
758 1306 931 1363 quidem
962 1306 1183 1359 momenti,
1217 1306 1269 1348 de
1302 1321 1384 1362 quo
1416 1305 1625 1347 hactenns

113 1377 246 1422 tacui

233 1450 283 1493 Si
313 1449 428 1493 enim
470 1450 517 1492 in
559 1450 626 1492 his
672 1451 805 1493 rebus
837 1449 1162 1505 investigandis
1195 1448 1338 1490 onmia
1370 1464 1423 1490 ex
1454 1447 1629 1490 scholiis

118 1522 432 1579 Apollonianis
466 1522 572 1565 solis
606 1522 787 1565 haurire
832 1537 1010 1565 necesse
1043 1523 1181 1574 esset,
1226 1520 1444 1563 conclusio
1478 1519 1528 1562 de
1560 1535 1632 1562 no-

113 1593 229 1637 mine
260 1593 388 1637 huius
412 1594 573 1637 fratris
597 1593 807 1637 facillime
829 1597 1116 1650 praematura
1139 1596 1183 1635 et
1204 1592 1463 1648 imperfecta
1486 1591 1627 1633 fieret.

113 1667 169 1709 In
198 1666 376 1710 scholiis
410 1666 525 1709 enim
555 1666 814 1722 ubicumque
847 1665 899 1708 de
931 1664 1189 1720 Pherecyde
1221 1667 1265 1707 ct
1293 1663 1506 1719 Sophocle
1538 1662 1628 1718 agi-

114 1741 193 1783 tur
223 1753 335 1794 puer
367 1753 539 1794 semper
577 1738 812 1794 Apsyrtus
845 1740 1028 1780 vocatus
1062 1740 1142 1779 est.
1206 1735 1335 1788 Quod
1364 1734 1521 1776 mirum
1543 1749 1629 1776 non

114 1810 308 1864 videtur,
342 1810 547 1867 quoniam
577 1809 859 1867 Apollonius,
893 1824 919 1851 a
951 1825 1033 1866 quo
1066 1808 1111 1850 in
1142 1807 1398 1850 universum
1418 1805 1627 1848 memoria

115 1882 305 1939 vulgata
334 1882 511 1939 pendet,
543 1882 623 1925 hoc
653 1898 811 1925 nomen
831 1880 1131 1938 praeoptavit.
1193 1879 1326 1935 Apud
1357 1877 1629 1934 posteriores

114 1955 256 2011 igitur
287 1970 446 1998 nomen
461 1954 661 2011 Apsyrti
679 1955 788 1997 adeo
813 1955 1005 2006 valebat,
1040 1956 1090 1996 ut
1112 1951 1433 2009 appellationes
1457 1952 1630 1992 ceterae

115 2027 212 2070 fere
231 2026 446 2070 oblivioni
460 2026 689 2070 darentur.
737 2026 813 2068 Ad
833 2041 987 2069 verum
1007 2030 1155 2068 autem
1176 2040 1254 2066 nos
1287 2025 1468 2067 revocat
1499 2021 1629 2064 adno-

113 2099 229 2143 tatio
263 2098 531 2142 scholiastae
562 2098 608 2140 in
637 2099 746 2141 Eur.
778 2098 891 2142 Med.
927 2099 1029 2150 167,
1063 2112 1192 2154 quam
1223 2112 1317 2139 011111
1343 2095 1398 2137 ad
1428 2094 1538 2137 hanc
1569 2093 1630 2135 di-

115 2171 417 2228 sputationem
447 2171 579 2214 valde
610 2171 850 2227 pertineat,
883 2170 953 2214 hic
985 2170 1255 2213 describam:
1318 2168 1628 2224 Τιμαχίδας...

118 2246 183 2286 τὸν
197 2242 399 2300 ’Ἄψυρτόν
423 2259 520 2302 φησι
541 2245 669 2297 λέγειν
696 2243 832 2300 αὐτὴν,
865 2250 933 2285 τοῦ
951 2241 1165 2298 Εὐριπίδου
1193 2245 1292 2297 μήτε
1324 2239 1502 2281 ἐνταῦθα
1531 2241 1630 2293 μήτε

116 2315 156 2358 ἐν
198 2323 253 2371 τῷ
285 2313 413 2369 Ἀἰγεῖ
444 2316 702 2372 δηλώσαντος
749 2315 939 2372 ὀνομαστί
972 2318 1036 2357 τὸν
1064 2314 1263 2370 ’Ἄψυρτον
1282 2326 1290 2334 ·
1323 2311 1343 2354 ὁ
1375 2312 1416 2352 δὲ
1449 2310 1627 2365 Φερεκὺ-

117 2388 190 2444 δης
222 2387 287 2428 διὰ
317 2393 385 2429 τοῦ
416 2387 448 2428 Ξ
480 2386 667 2444 ὀνομάζει
698 2385 831 2430 αὐτόν.
904 2386 1166 2441 Δικαιογένης
1212 2386 1254 2426 δὲ
1298 2383 1336 2425 ἐν
1386 2391 1433 2439 τῇ
1466 2382 1626 2438 Μηδείᾳ.

119 2458 395 2502 Μεταπόντιον
428 2457 547 2501 αὐτὸν
580 2459 779 2516 ὀνομάζει.
839 2457 1122 2513 Pherecydes
1166 2455 1306 2512 igitur
1337 2469 1423 2496 non
1454 2453 1627 2508 Apsyr-

113 2534 209 2574 tum
240 2530 319 2573 sed
336 2530 568 2587 Axyrtum
599 2531 752 2574 novit:
784 2530 1022 2587 Euripides
1055 2544 1191 2586 puero
1221 2542 1375 2569 nomen
1397 2522 1626 2581 proprium

115 2602 290 2646 omnino
319 2618 408 2646 non
437 2603 671 2660 imposuit:
703 2603 1029 2658 DicaeogeneS,
1074 2603 1207 2657 poeta
1236 2597 1433 2653 tragicus
1466 2593 1629 2638 saeculi

113 2677 218 2718 ante
250 2674 352 2718 Chr.
387 2675 560 2732 quarti,
610 2675 684 2733 qui
729 2675 926 2717 fabulam
956 2673 1136 2716 Medeae
1178 2669 1392 2721 condidit,
1443 2680 1626 2723 puerum

111 2745 438 2803 Metapontium
468 2745 726 2803 appellavit.

231 2817 354 2870 Quae
386 2833 482 2860 cum
508 2817 576 2861 ita
608 2816 719 2871 sint,
761 2831 833 2859 res
867 2815 999 2871 digna
1032 2816 1101 2857 est
1142 2826 1251 2869 quae
1283 2807 1532 2852 accuratius
1563 2805 1626 2848 in-

116 2888 384 2947 vestigetur,
416 2893 467 2934 ut
499 2905 610 2948 quae
642 2889 822 2933 diversa
843 2887 1012 2931 diversi
1042 2887 1245 2929 auctores
1277 2882 1440 2925 habent
1472 2878 1627 2924 distin·
