1839 3265
799 189 1082 230 —56-

301 302 449 344 Prima
472 303 635 345 mentio
659 303 785 345 huius
810 302 981 345 Aeetae
1003 301 1082 343 filii
1105 302 1221 345 libro
1244 302 1383 346 tertio
1408 320 1494 347 vss.
1514 304 1700 362 241sqq2.

187 374 303 415 sucta
337 378 417 415 ost.
482 373 619 416 Poeta
646 374 843 416 Iasonem
869 373 971 415 filiis
997 373 1151 415 Phrixi
1184 374 1440 432 duobusque
1473 376 1602 419 sociis
1635 391 1700 419 co-

184 445 388 488 mitatum
422 446 476 487 ad
510 445 774 487 domicilium
807 446 926 501 regis
961 445 1225 488 Colchorum
1257 447 1537 491 accedentem
1568 447 1699 502 facit;

184 517 312 558 aedos
358 532 464 558 unas
498 517 637 573 multo
677 517 1001 573 splendidiores
1040 518 1227 561 Aeetem
1260 519 1440 577 eiusque
1473 521 1698 576 coniugem

185 589 401 641 habita-re,
436 589 605 632 alteras
639 605 744 631 vero
772 590 910 632 filium
933 590 1187 646 Apsyrtum
1221 607 1347 648 quem
1380 607 1433 635 ex
1455 592 1700 635 Asterodia

182 661 375 716 nympha
408 660 619 703 Caucasia
652 662 958 717 progenuerit,
1000 663 1259 720 priusquam
1288 664 1463 720 Idyiam
1496 664 1698 721 Tethyos

183 736 225 773 et
269 732 430 774 Oceani
471 733 628 785 filiam,
677 748 860 777 uxorem
905 734 1108 778 duxisset
1127 737 1178 789 1);
1233 737 1414 780 eundem
1459 751 1485 778 a
1522 736 1698 780 Colchis

182 803 503 847 Phaethontem
534 805 766 861 appellari,
802 806 904 863 quia
937 806 1136 849 omnibus
1167 807 1465 864 praestiterit.
1528 807 1694 851 Altero

178 874 273 918 loco
306 876 574 932 Apollonius
619 877 709 919 filio
742 878 913 921 Aeetae
953 879 1033 921 hoc
1073 894 1230 922 nomen
1261 880 1354 937 ipse
1386 878 1570 933 indidit,
1615 880 1696 923 sub

179 947 307 989 finem
348 947 456 990 libri
494 949 622 992 tertii
656 966 695 991 v.
732 950 842 992 1236
874 951 948 993 ubi
982 951 1192 1007 splendor
1225 954 1480 994 armaturae
1515 947 1696 995 Colcho-

178 1033 275 1060 rum
317 1019 436 1075 regis
474 1019 745 1076 depingitur.
807 1021 905 1063 Rex
946 1022 1081 1064 armis
1123 1022 1398 1078 fulgentibus
1436 1023 1618 1066 indutus
1650 1022 1697 1064 in

177 1103 355 1131 currum
386 1090 606 1133 escendit:
641 1092 839 1134 escendit
864 1093 998 1135 etiam
1023 1093 1256 1137 Phaethon
1288 1108 1499 1150 equorum
1530 1096 1694 1136 rector.

178 1160 289 1203 Tum
330 1162 375 1204 in
420 1162 625 1206 versibus
665 1164 748 1206 223
782 1180 901 1221 seqq.
952 1165 1059 1207 libri
1105 1166 1256 1223 quarti
1301 1166 1510 1222 legimus,
1548 1164 1693 1210 aureo

176 1233 343 1276 vellere
375 1234 462 1276 iam
491 1240 644 1291 rapto,
686 1236 896 1290 Aeetam,
942 1253 1069 1294 quem
1099 1238 1334 1296 Apsyrtus
1367 1239 1525 1295 auriga
1566 1239 1695 1282 comi-

175 1307 321 1357 tetur,
370 1305 593 1361 fugientes
624 1308 914 1363 Argonautas
946 1310 1167 1367 persequi.
1231 1310 1338 1353 Cum
1370 1314 1519 1354 autem
1550 1311 1691 1367 Argo,

175 1376 309 1418 fluvio
341 1377 428 1419 iam
460 1378 535 1420 diu
567 1379 746 1434 relicto,
789 1380 835 1422 in
865 1395 987 1423 mare
1027 1397 1202 1424 cursum
1234 1382 1477 1439 dirigeret,
1525 1382 1693 1426 Aeetes

178 1446 362 1490 Colchos
408 1450 563 1492 statim
605 1451 792 1494 navibus
835 1453 1083 1495 consectari
1126 1453 1250 1497 iubet
1289 1470 1430 1511 neque
1462 1455 1586 1512 prius
1620 1456 1692 1498 do-

175 1536 289 1561 mum
323 1521 471 1564 redire
505 1537 632 1578 quam
666 1523 866 1566 Medeam
901 1525 1235 1580 prehenderint.
1308 1527 1479 1568 Horum
1512 1527 1693 1570 Colcho-

172 1607 270 1633 rum
311 1594 672 1650 persequentium
719 1596 911 1639 alteram
951 1601 1127 1653 partem
1176 1598 1298 1641 ducit
1341 1598 1596 1655 Apsyrtms,
1645 1603 1692 1643 et

170 1663 330 1706 Histro
362 1680 442 1720 per
476 1665 649 1708 Ostium
676 1666 915 1709 Pulchrum
947 1668 1118 1712 intrato
1152 1670 1253 1723 (303
1273 1671 1410 1726 seqq.)
1456 1674 1560 1714 ante
1601 1672 1690 1714 Ar-

168 1740 387 1791 gonautas
421 1736 465 1779 in
497 1753 619 1781 mare
650 1739 823 1782 Ionium
865 1726 1077 1797 penetrat
1121 1742 1369 1799 ostiumque
1414 1742 1495 1785 hoc
1538 1743 1689 1786 valida

169 1822 300 1849 manu
332 1814 528 1865 occupat.
591 1810 887 1866 Argonautae
931 1817 1080 1856 autem
1125 1814 1199 1870 qui
1243 1814 1305 1856 sic
1334 1815 1516 1858 Medea-e
1556 1830 1689 1858 causa

170 1878 215 1920 in
255 1894 413 1936 magno
457 1881 655 1937 periculo
704 1887 968 1937 versantur,
1017 1885 1151 1927 istam
1183 1885 1357 1928 Colchis
1391 1886 1491 1928 dari
1521 1887 1687 1931 iubent.

169 1950 296 2002 Quod
328 1951 557 1992 consilium
588 1951 664 1994 ubi
694 1952 851 1995 Medea.
883 1955 1120 2011 comperit,
1166 1959 1217 1998 ut
1260 1970 1286 1997 a
1326 1971 1372 1998 se
1416 1971 1564 1999 casum
1595 1959 1688 2000 tam

168 2022 464 2065 miserabilem
510 2026 718 2077 avertat,
778 2024 929 2067 Iasoni
978 2026 1173 2069 lacrimis
1235 2015 1527 2085 precibusque
1586 2044 1686 2085 per-

169 2093 326 2136 suadet
356 2097 407 2136 ut
440 2094 674 2150 Apsyrtus
705 2096 864 2139 fraude
897 2096 1137 2141 occidatur.
1200 2097 1323 2150 Quae
1346 2098 1487 2155 igitur
1506 2099 1687 2143 Medeae

167 2167 312 2207 mente
356 2180 405 2207 ac
449 2165 631 2209 consilio
676 2167 932 2223 excogitata
977 2171 1101 2222 sunt,
1149 2167 1357 2226 Apsyrto
1404 2170 1451 2213 in
1496 2170 1686 2214 insulam

264 2284 298 2327 1)
325 2284 530 2320 Scholiasta
555 2288 614 2331 qui
641 2298 782 2322 versum
809 2288 877 2322 244
906 2288 959 2322 sic
984 2287 1247 2332 interpretatus
1274 2293 1330 2323 est
1355 2289 1458 2332 quasi
1484 2289 1528 2324 de
1553 2301 1686 2334 genere

167 2345 382 2381 Asterodiae
409 2346 541 2382 dictum
569 2355 676 2392 esset,
702 2349 829 2393 procul
855 2349 963 2384 dubio
998 2349 1144 2384 erravit.
1191 2350 1321 2385 Statim
1348 2351 1441 2386 enim
1467 2357 1624 2395 apparet
1649 2353 1685 2387 in

166 2404 264 2440 calce
298 2407 435 2450 scholii,
468 2414 507 2443 ut
541 2410 752 2453 saepissime
787 2410 849 2454 fit,
887 2410 1117 2455 opinionibus
1144 2411 1361 2455 scriptorum
1388 2411 1611 2456 quorundam
1639 2412 1684 2449 de

167 2474 338 2517 uxoreet
364 2475 479 2505 matre
503 2472 639 2506 Aeetae
665 2472 735 2506 iam
763 2472 897 2515 allatis,
925 2472 1203 2516 explicationem
1227 2483 1392 2508 versuum
1418 2473 1578 2518 ipsorum
1604 2486 1685 2512 esse

166 2527 336 2564 additam.
396 2531 487 2574 Quid
521 2543 604 2567 vero
650 2534 864 2578 Apollonius
903 2535 1010 2578 velit,
1060 2545 1130 2568 non
1167 2535 1282 2568 solum
1315 2535 1409 2569 ratio
1446 2527 1685 2579 grammatica

167 2589 228 2625 sed
255 2591 362 2626 etiam
389 2592 463 2627 alia
489 2588 622 2628 indicia
648 2595 787 2630 docent.
840 2596 1016 2640 Quoniam
1050 2596 1143 2632 enim
1180 2595 1374 2631 Asterodia
1408 2597 1566 2642 nympha
1592 2598 1682 2634 Cau-

167 2652 264 2686 casia
290 2658 355 2695 est,
384 2665 452 2688 non
479 2660 533 2690 est
550 2656 683 2691 Oceani
707 2656 795 2700 filia,
822 2669 936 2702 neque
962 2663 1072 2702 poeta
1097 2658 1166 2692 hac
1191 2658 1227 2692 in
1255 2668 1294 2692 re
1315 2657 1360 2692 ab
1383 2658 1518 2693 illustri
1532 2659 1682 2695 Hesiodi

163 2712 374 2757 genealogia
410 2714 547 2750 distare
586 2716 759 2760 voluerit,
803 2720 863 2762 qui
889 2719 926 2753 in
951 2719 1085 2763 Theog.
1119 2710 1188 2753 rss.
1215 2720 1293 2761 352,
1313 2721 1382 2753 959
1407 2719 1543 2764 Idyiam
1568 2720 1681 2756 filiam

167 2771 300 2806 Oceani
326 2773 555 2820 Tethyosque
583 2788 731 2813 uxorem
762 2781 899 2814 Aeetae
921 2779 1144 2824 Medeaeque
1169 2776 1322 2814 matrem
1339 2780 1410 2815 iam
1436 2781 1546 2816 novit.
1583 2781 1682 2826 Ergo

165 2843 237 2867 non
263 2833 385 2870 dubito
413 2837 496 2880 quin
524 2838 721 2874 scholiasta
748 2850 875 2884 parum
903 2832 1073 2876 accurate
1098 2840 1298 2885 procedens
1325 2852 1384 2877 res
1411 2841 1573 2878 diversas
1592 2854 1681 2878 con·

164 2893 308 2929 fuderit.
