1898 3291
686 174 971 216 —27-

76 290 201 335 cisse.
262 290 386 344 Quae
431 305 527 333 cum
571 289 637 332 ita
680 289 792 342 sint,
840 288 1015 332 minime
1062 288 1304 331 verisimile
1353 292 1422 332 est
1461 287 1594 331 Calli-

75 362 274 406 machum
320 361 470 405 eadem
517 365 651 418 atque
695 361 983 418 Apollonium
1030 360 1082 403 de
1129 360 1290 403 itinere
1332 360 1594 403 Colchorum

74 449 155 491 per
197 433 405 476 Histrum
450 433 570 476 facto
615 433 872 489 protulisse.
963 432 1016 475 In
1064 432 1118 474 iis
1166 432 1337 489 quidem
1384 446 1495 488 quac
1543 432 1595 475 de

74 505 283 562 Apsyrto
316 509 362 548 et
392 505 759 561 Argonautarum
803 505 953 548 reditu
997 508 1122 556 sunt,
1169 503 1337 546 diserte
1377 504 1597 547 traditum

77 581 148 621 est
179 593 276 621 eum
305 592 401 621 cum
433 577 647 634 Sophocle
681 577 977 630 consensisse,
1023 577 1069 619 id
1109 578 1179 620 est
1219 592 1314 619 cum
1346 576 1595 620 vetustiore

76 648 206 692 huius
238 649 416 693 fabula-c
447 649 670 693 memoria.
721 649 811 691 Cur
843 649 984 705 igitur
1017 649 1245 692 credamus
1280 648 1595 691 Callimachum

81 721 176 765 sine
209 736 341 765 causa
372 721 484 764 hanc
516 721 568 764 de
602 721 776 764 Colchis
809 737 888 778 per
910 721 1117 764 Histrum
1148 720 1463 777 navigantibus
1496 736 1597 763 nar·

78 793 376 837 ratiunculam
398 793 640 836 intulisse?
688 793 751 836 Ut
776 792 867 836 tale
891 793 996 849 quid
1028 792 1349 845 concludamus,
1385 792 1597 835 scholium

76 865 123 908 in
152 865 221 909 IV
253 866 335 908 303
367 881 445 908 nos
477 879 754 923 nequaquam
793 880 951 921 cogere
988 864 1120 922 paulo
1153 868 1256 908 ante
1290 864 1597 908 demonstrare

80 935 243 978 studui.
307 934 602 988 Quamobrem
633 937 787 991 aptum
819 937 959 986 esset,
994 934 1033 976 si
1062 949 1143 991 pro
1176 932 1417 991 ὒποστρὲψαι
1448 949 1598 977 vocem

76 1007 326 1065 quampiam
365 1022 628 1063 poneremus
669 1021 778 1063 quae
812 1006 1032 1062 significet
1074 1020 1117 1048 se
1148 1007 1193 1048 in
1226 1007 1332 1049 duas
1360 1011 1503 1059 partes
1535 1007 1597 1049 di-

74 1080 212 1122 videre
227 1079 268 1132 ¹).
344 1078 431 1122 Sed
475 1093 737 1136 quamquam
781 1078 889 1120 mihi
930 1078 1086 1121 videor
1129 1094 1305 1121 sensum
1343 1080 1503 1122 bonum
1535 1079 1596 1122 111-

77 1151 200 1195 ferre
229 1166 372 1208 posse,
405 1155 555 1194 tamen
584 1152 723 1194 verba
755 1151 988 1195 emendare
1019 1167 1200 1208 nequeo.

190 1224 352 1281 Itaque
373 1224 462 1267 alia
483 1224 557 1267 via
570 1224 598 1277 2)
631 1240 726 1267 rem
755 1224 988 1267 absolvere
1020 1225 1262 1281 temptabo.
1325 1223 1374 1267 Si
1395 1224 1509 1267 enim
1532 1223 1599 1266 αὖ·

76 1298 168 1345 τοὺς
198 1311 287 1339 11011
316 1295 369 1339 de
401 1296 575 1339 Colchis
618 1297 696 1340 sed
739 1296 790 1338 de
833 1296 1112 1352 Argonautis
1154 1296 1459 1353 intellegitur,
1504 1299 1599 1339 tum

77 1368 302 1413 sententia
358 1369 475 1412 omni
527 1373 658 1425 parte
706 1384 801 1411 cum
848 1369 1013 1412 scholio
1060 1369 1106 1410 in
1147 1369 1215 1412 IV
1252 1369 1337 1411 284
1383 1368 1596 1422 concinit3

79 1439 370 1497 „Apollonius
394 1440 566 1483 redisse
586 1440 877 1496 Argonautas
902 1440 1037 1484 aliter
1060 1439 1168 1483 dicit
1192 1455 1241 1482 ac
1260 1439 1598 1493 Callimachus“,

76 1513 123 1555 id
153 1515 224 1556 est
254 1528 334 1569 per
365 1512 595 1565 Histrum,
628 1528 715 1555 non
746 1528 826 1569 per
858 1512 1213 1569 Hellespontum.
1283 1512 1408 1556 Fieri
1447 1515 1600 1568 potest

77 1587 128 1628 ut
158 1585 372 1628 nonnulla
403 1584 717 1628 interciderint
750 1585 863 1628 unde
891 1585 1243 1641 perpetuitatem
1266 1585 1483 1628 orationis
1516 1585 1601 1628 tali

76 1657 204 1700 modo
235 1658 466 1700 turbatam
498 1657 702 1714 explices.
765 1657 917 1714 Atque
959 1656 1159 1713 proxime
1202 1656 1427 1699 antecedit
1464 1656 1598 1700 schol.

79 1728 184 1772 301:
219 1730 458 1788 διαφωνοῦσι
488 1730 531 1771 δὲ
562 1728 598 1771 οἱ
629 1731 720 1784 περὶ
749 1735 816 1770 τοῦ
849 1729 999 1770 ἔκπλου
1031 1728 1413 1784 τῶνἈργοναὺτων
1446 1734 1513 1770 τοῦ
1552 1726 1599 1770 ἐκ

79 1801 254 1858 Κόλχων
287 1805 550 1857 γεγραφότες,
583 1816 680 1843 cum
711 1815 795 1857 quo
819 1800 1049 1857 aptissime
1082 1799 1308 1842 sententia
1337 1799 1407 1842 hic
1438 1799 1598 1855 impor-

80 1878 202 1928 tuna,
247 1876 348 1931 φησὶ
382 1874 425 1915 δὲ
457 1873 740 1922 Ἀπολλώνιος
771 1870 1016 1929 ὑποστρέψαι
1047 1871 1192 1921 αὐτοὺς
1224 1872 1410 1920 ἐναντίως
1442 1872 1601 1914 Καλλι-

78 1949 214 2002 μάχῳ,
256 1944 463 2001 coniungi
497 1960 627 2001 posse
668 1947 870 2000 apparet.
934 1943 1022 1987 Sed
1052 1943 1158 1987 haec
1190 1943 1416 1987 hactenus.
1479 1942 1600 1985 Satis

77 2017 216 2060 habeo
263 2017 302 2060 si
349 2020 538 2074 propter
586 2017 697 2059 hanc
744 2015 1093 2072 disputationem
1148 2017 1287 2059 verba
1333 2015 1600 2059 scholiastae

79 2097 156 2132 τῶν
186 2088 363 2147 Κόλχων
396 2088 432 2132 οἱ
464 2094 535 2147 μὲν
566 2090 630 2131 διὰ
660 2097 734 2131 τῶν
761 2089 956 2131 Κυανέων
988 2104 1069 2131 me.
1105 2088 1162 2131 ad
1192 2088 1301 2131 duas
1336 2087 1600 2131 Colchorum

79 2175 233 2203 manus
264 2176 352 2203 non
381 2161 624 2218 pertinere,
657 2160 765 2203 mihi
796 2160 1018 2204 concedes.

192 2232 322 2275 Nunc
364 2233 420 2275 ad
462 2233 718 2289 fragmenta
771 2248 958 2289 quorum
1004 2232 1130 2276 sedes
1172 2231 1290 2289 apud
1333 2231 1600 2275 Strabonem

82 2307 152 2348 est
182 2304 484 2362 procedamus.
561 2305 651 2348 Per
692 2308 840 2349 totum
881 2304 1025 2347 locum
1056 2304 1109 2346 de
1141 2303 1423 2360 expeditione
1454 2303 1600 2359 Argo-

50 2372 54 2377 *
79 2381 318 2420 nautarum
337 2375 383 2418 in
398 2375 566 2419 Phasin
588 2379 795 2433 suscepta
819 2376 958 2432 deque
980 2375 1132 2418 reditu
1158 2374 1322 2431 agitur.
1357 2374 1600 2418 Contendit

80 2446 244 2491 Strabo
267 2450 313 2491 et
335 2447 662 2505 expeditionem
681 2447 854 2491 Iasonis
889 2451 934 2490 et
956 2461 1135 2489 errores
1168 2446 1260 2489 eius
1293 2461 1478 2503 prorsus
1511 2461 1599 2488 non

79 2519 375 2576 repudiandos
409 2535 505 2564 esse
534 2523 760 2577 tamquam
781 2519 956 2562 fabulas
980 2533 1006 2561 a
1026 2519 1171 2575 poetis
1204 2519 1435 2573 confictas;
1469 2518 1598 2561 immo

80 2591 257 2635 etiamsi
286 2607 359 2635 res
392 2592 674 2649 aliquatenus
707 2606 733 2634 a
763 2591 908 2648 poetis
943 2594 1185 2634 exornatae
1218 2590 1331 2643 sint,
1374 2593 1525 2634 tamen
1555 2589 1602 2633 in

176 2765 212 2809 1)
239 2764 339 2809 Quae
376 2765 557 2801 sententia
590 2765 649 2800 vix
684 2775 750 2810 per
783 2775 891 2799 unum
926 2763 1137 2799 vocabulum
1172 2762 1325 2808 exprimi
1361 2766 1498 2807 posset.
1549 2762 1602 2801 cf.

81 2824 199 2860 Schol.
226 2824 337 2861 Laur.
362 2826 411 2863 IV
437 2827 502 2861 291
528 2826 710 2873 ὒποόιαιρεῖ
735 2826 779 2864 εἰς
807 2825 875 2860 δύο.

178 2887 214 2932 2)
243 2886 355 2932 Quam
381 2887 474 2923 viam
499 2887 799 2924 Wilamowitzius
824 2886 912 2922 mihi
936 2884 1191 2922 benevolenter
1215 2883 1442 2922 monstravit.
