1898 3291
652 160 968 226 .—9-

84 301 315 357 struendi3
358 317 436 345 suo
475 299 588 345 enim
628 299 789 344 iudicio
833 315 920 343 non
959 298 1130 343 licitum
1163 314 1259 342 csse
1291 296 1486 357 insignia
1516 295 1603 342 Ar-

83 376 381 432 gonautarum
423 372 617 431 vestigia
664 388 775 431 quae
822 373 914 416 sint
969 372 1015 415 in
1056 371 1171 415 mari
1214 371 1374 416 Italico
1423 372 1602 416 silentio

83 446 465 504 praetermittere.
541 446 680 490 Vides
713 445 854 503 igitur
887 445 954 488 his
986 444 1031 487 in
1063 444 1266 488 versibus
1301 450 1500 488 suturam
1535 447 1603 499 (ut

84 518 150 563 ita
180 519 339 574 dicam)
373 535 484 577 quae
517 524 674 577 aperte
706 521 929 562 monstret
954 517 1029 561 ubi
1062 522 1108 561 et
1141 518 1354 575 quomodo
1387 518 1498 561 duae
1531 533 1602 561 res

83 589 289 635 diversae
322 594 371 650 et
398 591 517 634 inter
550 607 597 634 se
629 591 935 647 discrepantes
969 589 1225 632 commissae
1248 590 1352 633 sint.
1396 590 1481 632 Hic
1501 605 1604 647 quo-

81 678 176 720 que,
223 667 275 707 ut
315 679 453 721 supra
483 664 651 707 factum
693 666 791 716 est,
840 662 1163 706 conclusionem
1196 679 1250 706 ex
1282 663 1377 719 ipso
1410 662 1602 705 carmine

87 734 326 789 efficimus,
373 735 508 779 etiam
552 735 589 778 si
620 751 707 778 non
738 734 1002 791 inquirimus
1047 750 1158 791 quae
1202 734 1275 777 vel
1308 734 1602 777 Callimachus

82 807 156 851 vel
187 807 392 851 Timaeus
437 808 510 851 vel
551 808 665 851 alius
699 807 918 865 quispiam
963 807 1016 850 de
1048 807 1419 863 Argonautarum
1453 806 1604 850 reditu

83 880 361 937 scripserint.
424 880 623 923 Primum
645 879 787 936 igitur
810 879 1077 936 Apollonius
1111 895 1223 922 unus
1245 879 1490 921 audiendus
1520 883 1602 932 est,

81 955 215 1010 atque
255 953 324 995 hic
369 952 463 1009 ipse
513 953 625 996 satis
674 953 832 996 docere
878 952 1059 995 videtur
1089 967 1115 994 a
1155 967 1291 994 versu
1322 952 1405 994 552
1435 951 1604 1008 aliquid

79 1024 184 1067 novi
213 1024 421 1082 incipere.
484 1024 607 1078 Quae
639 1040 736 1067 cum
767 1024 834 1067 ita
865 1024 974 1076 sint,
1009 1023 1199 1081 primum
1232 1028 1301 1067 est
1333 1024 1378 1066 in
1411 1024 1603 1066 carmine

79 1095 422 1153 interpretando
464 1111 559 1139 eam
603 1100 777 1152 partem
824 1095 1078 1139 examinare
1122 1111 1232 1152 quae
1279 1096 1369 1139 iter
1401 1110 1427 1138 a
1458 1095 1602 1138 Ponto

81 1183 219 1225 usque
250 1168 307 1211 ad
336 1168 525 1210 Adriani
557 1168 722 1210 factum
756 1171 965 1220 enarrat,
1007 1170 1103 1210 tum
1135 1167 1188 1210 de
1220 1167 1443 1219 fontibus,
1489 1166 1603 1209 unde

81 1244 214 1297 poeta
246 1240 460 1294 hauserit,
495 1240 730 1284 disserere.
794 1240 866 1283 Sic
898 1239 1033 1282 etiam
1066 1239 1302 1296 apparebit
1332 1243 1484 1283 utrum
1507 1255 1604 1282 con-

81 1312 313 1367 clusiones,
348 1327 458 1370 quae
498 1329 552 1356 ex
583 1312 775 1356 carmine
807 1312 854 1354 in
884 1312 1141 1354 universum
1185 1312 1384 1369 inspecto
1419 1312 1603 1355 effectae

81 1385 184 1440 sint,
220 1386 538 1429 confirmentur
571 1401 628 1428 an
659 1385 1007 1442 redarguantur.

822 1592 862 1636 I.

81 1710 156 1751 DE
195 1709 404 1752 REDITV
450 1709 557 1750 PER
594 1709 843 1751 HISTRVM
877 1708 1186 1752 SECVNDVM
1219 1705 1601 1750 APOLLONIVM.

198 1823 383 1867 Initium
428 1823 637 1866 carminis
680 1822 1015 1879 interpretandi
1057 1838 1081 1865 a
1123 1838 1259 1865 versu
1302 1821 1408 1864 libri
1455 1820 1609 1878 quarti

80 1896 166 1939 254
207 1896 455 1953 capiamus,
503 1896 578 1938 ubi
608 1896 709 1938 Iaso
756 1909 807 1938 ea
851 1909 961 1952 quae
1004 1895 1198 1937 Phineus
1250 1895 1302 1937 de
1335 1894 1422 1937 alio
1455 1893 1607 1935 reditu

80 1967 351 2011 vaticinatus
385 1970 485 2011 erat
531 1970 715 2023 repente
747 1966 794 2008 in
838 1965 1095 2009 memoriam
1143 1967 1362 2009 sociorum
1407 1967 1604 2008 revocat.

81 2040 254 2083 Heroes
298 2039 412 2082 enim
457 2054 481 2082 a
526 2039 700 2082 Colchis
742 2038 987 2095 fugientes,
1043 2038 1207 2082 itinere
1252 2039 1391 2081 trium
1437 2037 1607 2080 dierum

81 2109 168 2152 iam
206 2110 429 2163 confecto,
476 2110 533 2152 ad
573 2110 713 2152 litora
752 2108 1088 2165 Paphlagonum
1133 2108 1416 2166 appulerunt.
1502 2108 1603 2150 Iaso

82 2187 243 2235 autem,
277 2182 352 2239 qui
372 2183 611 2225 verborum
628 2181 786 2223 Phinei
816 2196 981 2223 memor
1006 2185 1088 2234 est,
1121 2181 1227 2224 haec
1260 2180 1347 2223 alia
1379 2178 1610 2235 navigatio

85 2255 300 2312 quomodo
347 2254 624 2297 instituenda
670 2253 731 2296 sit
772 2267 1049 2309 nequaquam
1095 2252 1191 2295 scit.
1256 2252 1420 2295 Statim
1453 2250 1609 2294 suadet

81 2327 259 2383 Argus,
307 2326 465 2368 Phrixi
503 2326 644 2379 filius,
691 2330 742 2369 ut
786 2341 868 2382 per
899 2325 1108 2368 Histrum
1154 2340 1361 2381 egressus
1405 2327 1603 2381 petatur,

81 2414 301 2455 exponens
335 2413 445 2456 quae
479 2398 539 2441 sit
569 2397 668 2441 viae
688 2400 853 2440 natura-
871 2398 913 2452 ¹).
975 2396 1193 2440 Faustum
1222 2412 1347 2439 omen
1374 2395 1605 2439 consilium

79 2469 198 2525 Argi
240 2471 504 2513 corroborat
553 2472 599 2512 et
651 2469 769 2511 viam
824 2468 880 2510 ad
922 2467 1074 2511 Histri
1113 2467 1276 2511 ostium
1317 2471 1543 2511 monstrat
1559 2468 1603 2523 ²).

81 2541 294 2599 Sequitur
327 2541 568 2598 descriptio
601 2540 780 2584 itineris
812 2554 838 2582 a
867 2539 1012 2583 Ponto
1044 2555 1125 2596 per
1149 2539 1356 2583 Histrum
1387 2555 1525 2597 usque
1557 2539 1603 2581 in

81 2613 269 2656 Adriam
302 2614 414 2658 facti
430 2614 476 2668 ³).

178 2781 215 2825 1)
240 2782 438 2841 ειη-293.

178 2843 215 2887 2)
242 2844 440 2879 294-302.

181 2904 218 2949 3)
245 2905 444 2942 303—337.
