1839 3265
797 218 845 223 ,-
907 193 962 234 44
1026 219 1072 224 a-

190 307 380 347 lustau—m
397 307 450 348 :ul
469 307 616 349 Firmus·
633 308 820 351 insulam
848 308 1073 364 appulisse
1100 324 1195 352 cum
1217 309 1373 352 Medea
1401 309 1526 353 deam
1550 309 1698 355 visere

187 384 386 432 ‹·11p‹·1·‹·t;
428 395 552 434 quam
586 380 836 421 memorium
869 383 1093 422 auctorem
1126 380 1254 423 huius
1287 381 1448 437 capitis
1481 396 1533 424 ca
1564 397 1698 426 causa

185 448 433 490 adhibuisse
479 458 526 494 ut
568 452 811 508 explicaret
856 468 932 494 0111·
965 451 1280 506 Argonautae,
1331 452 1477 496 Adria
1523 454 1695 507 relicta,

183 538 353 563 cursum
380 539 456 578 por
485 523 687 581 Plani-tas
721 528 765 565 et
794 539 913 565 maro
933 522 1216 577 Tyrrhenum
1249 523 1524 579 tenuissent,
1560 525 1697 582 scrip-

183 598 321 634 torem
357 594 493 646 igitur
527 594 650 636 huius
681 594 838 649 capitis
873 594 1051 636 divorsa
1084 593 1129 635 in
1161 609 1293 635 unum
1324 594 1566 651 redegisse,
1600 611 1697 638 cum

181 664 345 706 Timaei
379 666 623 721 opinionem
655 671 698 708 01
731 666 819 708 iter
851 681 931 722 per
953 665 1141 707 Adriam
1173 680 1290 708 nova
1310 665 1485 709 ratione
1518 666 1695 710 coniun-

178 742 318 791 geret.

293 808 416 849 Hauc
457 810 549 851 fere
590 808 855 852 sententiam
897 809 990 852 fert
1032 808 1317 852 Greffckenius
1361 809 1389 851 1.
1424 825 1456 852 0.
1490 823 1593 866 pag.
1627 809 1694 853 92.

181 880 316 922 Recte
350 880 520 936 quidem
544 880 665 922 illam
688 880 1008 933 difficultatem,
1043 896 1154 938 quae
1186 881 1315 924 initio
1349 880 1510 937 capitis
1541 895 1696 924 veram

177 952 439 993 smitentiam
486 953 772 1005 obscurabat,
826 953 1176 996 lVilamowitzio
1225 953 1439 996 suadente
1484 953 1547 995 sic
1595 953 1694 996 sub-

178 1023 345 1065 levavit
365 1040 372 1064 :
407 1023 512 1065 ἀλλὰ.
544 1027 613 1066 καὶ
645 1025 707 1067 ἐπὶ
738 1034 813 1067 τῶν
838 1026 1018 1082 ἀρχαίων
1041 1027 1197 1082 μᾶλλον
1221 1026 1370 1068 οἴονται
1393 1024 1530 1067 ἐκεῖνα
1552 1026 1693 1067 πλωτὰ

180 1094 297 1135 εἶναι·
331 1094 462 1147 (libri.
498 1095 578 1136 οἷον
612 1099 659 1136 τὰ
683 1095 768 1137 ἐκεῖ
791 1096 956 1138 ἅπλωτα
978 1096 1108 1152 εἶναι).
1173 1096 1420 1140 Contextus
1453 1098 1694 1140 verborum

175 1180 259 1206 non
293 1171 380 1207 tam
415 1167 705 1221 perturbatus
739 1172 808 1210 est
842 1183 969 1224 quam
1002 1168 1258 1210 Enniannus
1291 1167 1585 1221 existimavit,
1618 1167 1695 1224 qui

175 1235 407 1290 pristinam
452 1237 696 1279 orationem
743 1238 788 1279 in
831 1238 899 1280 his
947 1239 1217 1295 corruptelis
1263 1239 1409 1282 latere
1459 1238 1691 1282 statuerit.

177 1306 297 1348 Nihil
329 1307 501 1363 quidem
532 1324 610 1364 per
642 1313 786 1352 totum
818 1310 959 1353 locum
983 1316 1118 1354 vexat
1139 1311 1226 1354 nisi
1248 1311 1360 1354 illud
1382 1311 1552 1353 ἄπλωτα
1576 1310 1693 1368 quod

175 1392 458 1432 progressum
491 1381 739 1424 sententiae
778 1387 962 1439 repente
1004 1383 1049 1424 in
1081 1382 1354 1426 contrariam
1384 1386 1561 1439 partem
1592 1398 1690 1426 con—

176 1448 328 1490 vertit.
390 1448 475 1492 Sed
509 1467 560 1493 ex
592 1453 742 1496 verbis
775 1453 837 1496 sic
870 1454 1112 1498 emendatis
1155 1470 1285 1512 quam
1315 1453 1536 1497 rationem
1568 1453 1691 1497 Greff-

174 1518 351 1562 ckenius
385 1524 618 1578 conclusit,
664 1539 708 1567 so
750 1527 805 1567 ist
846 1527 1063 1569 innerlmlb
1107 1528 1177 1569 des
1211 1527 1393 1580 Capitels
1435 1527 1559 1568 selbst
1601 1527 1692 1568 eine

170 1593 339 1647 riclele'ssc
363 1595 700 1650 Gedankenjolye
720 1597 966 1651 hergyestelll,
999 1598 1291 1654 neglegenter
1314 1597 1542 1641 conclusit.
1575 1596 1691 1639 Nam

174 1663 252 1705 1130
293 1665 466 1709 ratione
501 1667 649 1710 Circes
691 1668 837 1711 insula
880 1670 1006 1726 quasi
1048 1673 1169 1713 meta
1208 1670 1350 1713 totius
1392 1669 1570 1713 itineris
1608 1681 1691 1726 per

173 1735 381 1779 Planctas
401 1742 445 1781 et
464 1754 582 1781 mare
603 1739 886 1795 Tyrrhenum
903 1741 1106 1785 instituti
1122 1742 1187 1796 fit,
1218 1758 1301 1798 quo
1323 1741 1481 1784 heroes
1514 1755 1691 1783 cursum

176 1806 433 1852 direxerunt
476 1811 675 1868 undeque
706 1813 951 1856 redierunt.
1013 1814 1165 1870 Atque
1208 1813 1289 1856 illa
1318 1815 1602 1856 monumenta
1645 1814 1691 1856 et

175 1881 585 1937 praeternavigatio
632 1883 918 1926 Planctarum
958 1887 1053 1927 tum
1098 1884 1155 1926 ad
1198 1882 1480 1940 propositum
1515 1882 1690 1925 demon-

176 1952 404 1994 strandum
422 1954 585 2006 valent,
620 1955 657 1996 si
688 1959 785 1998 tota
818 1956 885 1998 vis
916 1955 1331 2012 argumentationis,
1363 1955 1487 1997 nulla
1517 1954 1694 1998 ratione

178 2021 290 2064 situs
322 2023 516 2066 locorum
547 2025 711 2079 habita,
744 2027 789 2068 in
820 2027 931 2070 hanc
959 2029 1189 2070 obscuram
1211 2026 1409 2069 fabulam
1429 2026 1688 2069 collocatur.

176 2092 239 2135 At
271 2094 496 2138 mittamus
530 2096 829 2140 dubitationes
871 2102 916 2142 et
956 2099 1067 2142 hanc
1099 2097 1440 2156 explicationem
1471 2097 1540 2140 cui
1569 2096 1689 2140 ratio

175 2166 462 2218 grammatica
492 2168 678 2211 maxime
710 2170 847 2222 favet,
880 2186 1114 2227 ponamus3
1148 2175 1255 2215 tum·
1275 2170 1544 2213 mentionem
1574 2169 1690 2212 redi-

175 2237 246 2275 tus
278 2251 356 2291 per
388 2236 594 2280 Histrum
638 2241 850 2296 scriptori
892 2242 1025 2284 alicui
1066 2258 1153 2284 non
1192 2244 1369 2285 tantum
1401 2241 1580 2284 Timaeo
1613 2241 1692 2284 sed

179 2307 309 2348 etiam
331 2308 566 2363 Apollonio
599 2313 842 2367 posteriori
873 2313 1156 2356 tribuendam
1179 2329 1276 2357 esse
1297 2313 1395 2356 veri
1419 2313 1690 2356 simillimum

180 2380 258 2419 est.
321 2379 432 2421 Nam
474 2381 585 2424 talia
627 2399 735 2439 quae
775 2385 843 2427 hic
885 2386 1128 2443 composita
1173 2385 1420 2430 invenimus
1461 2384 1692 2428 consilium

175 2451 452 2502 grammatici
483 2451 665 2497 alicuius
698 2456 926 2512 aperiunt,
970 2473 1110 2515 neque
1150 2458 1242 2501 ullo
1273 2458 1401 2500 modo
1432 2456 1688 2514 geographo

176 2519 312 2561 nobili
357 2522 498 2566 veluti
531 2524 707 2569 Timaeo
752 2527 885 2583 digna
926 2533 1040 2572 sunt.
1105 2529 1233 2583 Quod
1275 2544 1414 2585 genus
1459 2527 1689 2571 doctrinae

175 2588 344 2644 Hygini
362 2592 510 2635 fabula
527 2595 699 2649 XXIH,
734 2597 786 2639 de
813 2613 898 2654 qua
919 2614 1019 2640 mox
1042 2614 1182 2655 agam,
1216 2600 1380 2656 optime
1411 2598 1687 2642 illustratur.

176 2659 238 2701 Ob
278 2676 370 2703 eam
412 2679 585 2707 causam
626 2668 681 2708 ad
723 2672 898 2723 partem
941 2669 1190 2713 Geffckenii
1246 2670 1455 2713 accedere
1505 2685 1687 2727 nequeo,

183 2730 253 2785 qui
275 2731 319 2772 in
340 2733 406 2775 his
431 2734 599 2777 Timaei
620 2738 852 2792 genuinam
885 2742 1153 2784 sententiam
1184 2742 1329 2785 latere
1363 2741 1540 2784 statuit.
1602 2740 1687 2784 At-

179 2814 258 2855 que
280 2801 323 2843 id
345 2805 529 2847 maxime
549 2809 832 2862 premendum
854 2814 935 2863 est,
968 2812 1157 2856 Diodori
1179 2813 1482 2857 testimonium
1513 2815 1598 2870 (IV
1615 2815 1690 2870 56)

184 2871 254 2927 qui
285 2874 406 2915 mihis<
441 2875 567 2918 docet
599 2892 709 2934 quae
742 2878 945 2924 Timaeus
987 2882 1039 2925 de
1070 2883 1242 2929 Iasonis
1275 2885 1503 2930 erroribus
1535 2890 1689 2946 protu-
