1839 3265
768 202 819 209 -—-
882 178 938 220 70
999 205 1050 209 -—

849 385 972 429 Vlll.

502 503 574 543 1³1⁴:
608 502 865 545 SCHOLHS
900 503 1303 547 RECENSENDIS.

271 615 379 657 Cum
430 616 680 672 disputatio
728 632 825 659 mea
856 617 972 658 haud
1005 632 1109 660 raro
1159 617 1202 660 in
1237 619 1414 661 s‹·ho]iis
1448 620 1669 677 interpre-

147 687 296 729 tandis
344 693 526 731 versata
572 689 655 741 sit,
703 690 905 745 quaestio
954 689 1130 746 saepius
1176 706 1221 733 se
1263 691 1429 734 obtulit
1462 692 1566 748 quid
1598 709 1669 736 ve-

150 775 245 801 rum
278 760 548 802 recensionis
593 761 927 803 fundamentum
971 764 1102 804 essct.
1182 762 1347 805 Gravis
1392 763 1565 819 quidem
1598 768 1668 808 est

149 832 351 889 quaestio
396 848 535 889 neque
582 848 766 889 sperare
808 833 946 875 audeo
991 849 1058 875 mc
1104 849 1195 876 rem
1238 836 1393 878 statim
1437 835 1494 877 ad
1539 836 1669 879 finem

150 903 394 959 perducere
427 919 568 960 posse.
644 904 731 947 Sed
776 907 925 947 tamon
970 905 1184 947 nonnulla
1216 907 1416 963 exempla
1447 909 1672 965 composui

149 990 259 1031 quae
292 976 532 1018 ostendant
567 992 659 1018 rem
694 976 829 1019 aliter
865 992 910 1019 se
940 977 1102 1019 habere
1126 992 1175 1019 ac
1200 977 1285 1020 viri
1308 978 1428 1022 docti
1460 981 1670 1024 Keiliana

150 1046 343 1089 editione
377 1047 646 1090 confidentes
681 1048 775 1090 fere
808 1048 1008 1090 credunt.
1070 1048 1134 1091 Ut
1164 1049 1353 1104 primum
1385 1051 1670 1095 manifestum

151 1120 230 1160 fiat
253 1118 396 1175 qualis
421 1119 482 1162 sit
505 1120 720 1175 quaestio,
753 1120 904 1176 paucis
929 1120 982 1162 de
1006 1120 1273 1162 scholiorum
1293 1122 1505 1165 memoria
1529 1138 1669 1179 agam.

148 1191 280 1233 Anno
299 1191 575 1234 saeculiXV.
598 1192 882 1248 nonagesimo
907 1196 1033 1235 sexto
1048 1192 1309 1236 Florentiae
1331 1194 1519 1250 primum
1543 1196 1668 1252 typis

149 1278 362 1319 expressa
402 1268 506 1306 sunt
538 1264 847 1320 Argonautica
879 1264 1111 1320 Apollonii
1153 1281 1245 1306 curn
1289 1265 1492 1320 scholiis,
1542 1283 1672 1324 quam

149 1334 387 1377 editionem
442 1336 619 1378 curavit
676 1336 864 1378 Ioannes
920 1336 1142 1378 LascariS.
1227 1336 1412 1380 Saeculo
1469 1340 1673 1396 sequenti

148 1407 368 1450 Henricus
401 1406 653 1464 Stephanus
700 1407 938 1450 editionem
986 1407 1165 1449 scholiis
1207 1423 1260 1450 ex
1302 1408 1382 1450 hoc
1423 1409 1548 1452 fonte
1595 1410 1668 1452 ad-

148 1478 276 1521 iectis
317 1479 523 1535 protulit.
597 1479 719 1521 Haec
756 1478 897 1534 igitur
931 1479 1099 1521 scholia
1130 1479 1204 1521 diu
1237 1479 1667 1525 circumferebantur

149 1566 289 1606 neque
321 1550 434 1592 alius
469 1550 567 1593 fons
592 1550 796 1606 cognitus
830 1553 942 1593 erat.
1007 1551 1117 1592 Tum
1140 1551 1431 1595 Ruhnkenius
1466 1569 1488 1596 e
1520 1554 1667 1597 codice

147 1622 352 1664 Parisino
386 1622 498 1664 :2727
531 1622 681 1665 varias
715 1623 928 1679 quasdam
949 1622 1162 1665 lectiones
1191 1624 1394 1668 enotavit
1416 1628 1516 1668 tota
1537 1626 1667 1669 huius

149 1694 311 1737 codicis
357 1695 570 1737 memoria
614 1695 806 1737 nondum
855 1695 988 1738 edita.
1070 1695 1394 1752 Apographum
1445 1697 1670 1753 integrum

150 1766 418 1809 scholiorum
449 1767 758 1809 Parisinorum
799 1767 967 1823 primus
999 1766 1264 1810 Schaeferus
1310 1768 1355 1810 in
1401 1784 1518 1812 nova
1563 1786 1669 1813 cura

150 1837 357 1880 editionis
387 1838 698 1881 Brunckianae
731 1838 897 1894 publici
919 1838 1029 1881 iuris
1052 1839 1162 1881 fecit
1175 1839 1214 1894 ¹).
1277 1839 1321 1881 A
1351 1856 1435 1897 quo
1468 1845 1668 1898 tempore

149 1904 237 1950 viri
258 1908 378 1952 docti
400 1909 568 1952 duabus
589 1909 854 1952 scholiorum
876 1909 1207 1952 recensionibus
1231 1912 1488 1955 utebantur.
1534 1913 1668 1956 Deni-

152 1996 234 2036 que
250 1995 363 2023 anno
382 1981 509 2023 huius
527 1981 691 2024 saeculi
706 1981 825 2024 LIV.
843 1981 1063 2024 Henricus
1077 1981 1183 2024 Keil
1207 1982 1353 2025 codice
1365 1983 1668 2029 Laurentiano

147 2053 330 2094 XXXII
362 2054 387 2094 9
421 2052 662 2109 diligenter
696 2053 858 2096 collato
892 2053 1059 2095 scholia
1095 2053 1234 2097 denuo
1260 2054 1412 2108 edidit,
1447 2071 1498 2099 ea
1519 2060 1669 2101 autem

147 2123 324 2167 ratione
355 2140 461 2167 usus
493 2128 543 2167 ut
574 2125 831 2168 testimonio
865 2125 1072 2169 editionis
1105 2125 1395 2170 Florentinae
1428 2131 1473 2171 et
1505 2130 1666 2173 codicis

148 2196 345 2239 Parisini
375 2212 561 2253 prorsus
601 2197 797 2249 abiecto,
843 2197 1178 2240 fundamentum
1221 2214 1353 2240 unum
1396 2201 1666 2245 recensionis

150 2268 342 2311 codicem
365 2269 716 2312 Laurentianum
747 2274 948 2326 poneret.
1011 2269 1106 2312 Sibi
1138 2269 1251 2312 enim
1280 2272 1508 2327 persuasit
1540 2270 1667 2316 umtm

147 2342 329 2382 onmz‘mn
354 2344 508 2393 fontem
531 2346 693 2383 exstare
710 2342 1046 2384 Lazcrentianum
1078 2341 1251 2384 codicem
1277 2343 1371 2384 XX
1377 2344 1480 2385 XII
1498 2348 1524 2385 9
1545 2360 1669 2399 neque

147 2413 230 2454 alio
250 2416 465 2464 praetcrea
494 2413 599 2454 libro
623 2415 771 2455 horum
792 2414 1042 2456 scholiormn
1058 2414 1293 2456 memoriam
1321 2415 1377 2456 ad
1397 2419 1584 2457 nostrcmz
1602 2431 1668 2459 ae-

147 2488 270 2525 tatem
286 2490 566 2537 propayatam
591 2485 743 2539 csse²);
777 2484 814 2526 F
817 2484 1044 2528 lorentina
1066 2484 1240 2541 quidem
1263 2488 1308 2528 et
1326 2484 1533 2541 Parisina
1555 2487 1665 2547 com}

148 2570 321 2597 munem
360 2556 531 2598 fontem
572 2556 757 2607 habere,
801 2556 875 2613 qui
919 2572 1025 2599 vero
1064 2572 1152 2598 non
1184 2557 1243 2599 sit
1274 2556 1370 2613 ipse
1400 2549 1665 2601 Laurentiass

148 2639 230 2666 nus
264 2624 342 2667 sed
372 2625 676 2681 apographum
709 2626 926 2682 quoddam
957 2625 1087 2669 valde
1118 2626 1439 2682 interpolatum
1456 2627 1511 2681 ³);
1555 2627 1667 2670 nihil

246 2769 278 2813 1)
303 2768 453 2813 Lipsiae
481 2770 581 2803 1813.

245 2830 281 2874 2)
308 2829 552 2865 Praefationis
579 2841 660 2875 pag.
688 2832 767 2866 299.

244 2890 280 2934 3)
307 2889 351 2924 cf.
378 2889 510 2926 ibidem
536 2902 570 2935 p.
598 2891 676 2925 300.
