1898 3291
685 170 965 214 ..25-

69 288 149 346 qui
178 287 246 331 his
278 286 542 343 fragmentis
576 285 884 329 Callimacheis
921 299 1099 341 operam
1133 285 1373 339 dederunt,
1407 284 1590 328 difficul-

75 363 218 405 tatem
247 376 301 403 ne
331 359 496 403 leviter
528 359 703 416 quidem
734 358 988 415 tetigerunt
1007 358 1047 412 ¹).
1121 358 1208 401 Sed
1240 358 1296 400 ad
1327 374 1418 401 rem
1452 358 1591 415 ipsam

70 433 376 491 procedamus.

188 506 251 549 Et
293 505 482 562 primum
523 508 651 561 patet
683 503 832 548 'verba
877 512 953 547 τῶν
997 504 1173 561 Κόλχων
1220 502 1255 546 οἱ
1299 508 1369 560 μὲν
1410 505 1473 545 διὰ
1517 513 1592 545 των

73 578 264 621 Κυανέων
294 581 445 633 πέτρων
477 577 675 619 ἔπλευσαν
724 576 835 618 nihil
866 591 961 618 esse
993 575 1081 617 nisi
1112 575 1453 631 explicationem
1495 590 1592 616 ver—

73 664 200 692 suum
220 648 460 691 303-304.
520 648 682 691 Itidem
714 647 872 691 ultima
904 646 1060 690 scholii
1088 647 1228 690 verba
1259 646 1375 688 ἄλλοι
1415 647 1458 687 δὲ
1492 648 1593 702 μετὰ

70 717 278 778 ΑἈψὺρτου
307 720 462 776 Ἴστρον
496 720 605 777 εἶχον
648 721 819 776 (Laur.)
865 720 937 763 vel
980 719 1016 762 οἱ
1048 721 1092 761 δὲ
1123 718 1180 767 εἰς
1212 722 1277 761 τὸν
1306 718 1460 774 Ἴστρον
1492 721 1594 774 μετὰ

74 792 278 850 Ἀψῦρτοι)
308 793 442 850 ἦλθον
474 792 526 848 (F
530 793 630 848 lor.)
674 807 832 835 versus
865 792 1093 834 305—306
1124 790 1407 847 exprimunt.
1480 790 1595 833 Nam

74 879 126 908 ea
155 864 435 921 potissimum
466 879 577 921 quae
610 864 662 907 de
693 864 902 920 Apsyrto
935 863 1057 906 dicta
1098 865 1202 905 sunt
1244 865 1296 905 ut
1341 861 1595 905 narrationi

73 935 402 993 Apollonianae
433 939 642 979 accurate
672 935 972 992 respondent,
1019 934 1085 977 ita
1118 933 1425 976 Callimacheis
1459 948 1595 989 supra

75 1007 289 1051 tractatis
321 1010 586 1064 repugnant.
658 1007 745 1050 Sed
777 1006 911 1049 aliam
941 1009 1117 1062 partem
1149 1004 1323 1047 addidit
1353 1004 1597 1047 scholiasta

71 1079 130 1128 ὡς
171 1083 242 1122 καὶ
272 1079 572 1137 Καλλίμαχος·
622 1083 720 1138 φησὶ
763 1081 806 1122 δὲ
848 1078 1127 1126 Ἀπολλώνιος
1167 1075 1410 1133 ὑποστρέψαι
1450 1075 1596 1125 αὐτοὺς

75 1151 260 1200 ἐναντίως
293 1151 574 1208 Καλλιμάχῳ,
620 1165 731 1207 quae
777 1153 847 1193 est
893 1148 1166 1206 comparatio
1211 1149 1331 1192 inter
1374 1148 1454 1191 hos
1487 1148 1595 1191 duos

75 1225 281 1266 auctores
328 1222 543 1266 instituta
561 1222 604 1276 ²).
679 1222 774 1265 Iam
818 1222 864 1264 in
910 1221 977 1264 his
1020 1235 1132 1278 quae
1180 1224 1284 1263 sunt
1327 1220 1380 1261 de
1419 1219 1594 1262 Colchis

76 1294 368 1350 Argonautas
416 1298 547 1337 extra
591 1294 784 1337 Pontum
828 1293 1225 1350 persequentibus,
1282 1291 1598 1334 Callimachum

77 1366 360 1423 aliquatenus
392 1365 621 1423 Apollonii
653 1365 805 1408 ducem
836 1366 988 1418 fuisse,
1022 1380 1180 1409 versus
1212 1364 1282 1406 illi
1313 1363 1600 1406 Callimachei

74 1437 195 1494 apud
215 1437 482 1481 Strabonem
503 1437 526 1479 I
546 1437 602 1480 46
625 1437 796 1480 docent.
830 1436 979 1490 Quare
1001 1436 1161 1479 mirum
1191 1452 1279 1479 non
1311 1440 1381 1479 est
1412 1435 1597 1478 scholia-

78 1512 195 1552 stam
225 1509 304 1552 hos
337 1509 446 1552 duos
478 1512 634 1566 poetas
668 1523 961 1566 comparasse.
1023 1508 1152 1551 Nunc
1173 1511 1323 1552 autem
1345 1507 1597 1551 accuratius

76 1580 375 1636 quaerendum
407 1584 489 1634 est,
524 1581 667 1638 qualis
699 1580 840 1624 fuerit
871 1579 1075 1622 narratio
1098 1579 1359 1622 Callimachi
1389 1594 1440 1621 ac
1470 1593 1597 1635 prae·

76 1650 201 1708 cipue
240 1651 416 1708 quidem
452 1653 604 1693 utrum
636 1650 821 1693 Colchos
852 1651 898 1694 in
939 1651 1048 1694 duas
1089 1666 1242 1694 manus
1287 1650 1545 1694 discessisse
1564 1650 1597 1706 3)

73 1720 319 1769 tradiderit
349 1737 497 1764 necne.

192 1793 262 1836 Ac
291 1793 482 1850 primum
513 1793 689 1850 quidem
720 1795 860 1838 verba
891 1793 947 1843 ὡς
975 1797 1045 1836 καὶ
1075 1794 1353 1851 Καλλίμαχος
1393 1792 1599 1849 ambigua

77 1879 173 1907 esse
205 1863 424 1907 existimo.
485 1864 584 1906 Duo
608 1864 723 1907 enim
744 1864 950 1921 intellegi
970 1867 1171 1922 possunt,
1204 1868 1283 1908 aut
1307 1864 1598 1919 „Colchorum

76 1935 155 1997 alii
184 1951 266 1992 per
299 1935 501 1991 Cyaneas
545 1936 634 1979 iter
678 1936 882 1980 fecerunt
927 1936 1043 1980 sicut
1083 1936 1378 1979 Callimachus
1421 1938 1598 1993 partem

75 2019 207 2047 unam
224 2003 489 2048 Colchorum
510 2004 622 2048 hanc
643 2004 761 2049 viam
782 2005 1032 2061 ingressam
1054 2022 1150 2050 esse
1175 2005 1324 2060 dicit“‚
1358 2008 1437 2049 aut
1472 2005 1596 2060 „Col-

75 2075 257 2118 chorum
286 2073 365 2117 alii
394 2090 476 2131 per
507 2074 712 2130 Cyaneas
743 2075 833 2118 iter
864 2075 1080 2130 fecerunt,
1125 2091 1256 2133 quam
1286 2075 1416 2128 viam,
1462 2075 1598 2119 etiam

78 2145 347 2189 Callimacho
379 2148 511 2199 teste,
546 2145 699 2189 Colchi
729 2146 923 2202 ingressi
954 2149 1101 2190 sunt“.
1162 2148 1323 2204 Itaque
1356 2146 1600 2190 scholiasta

77 2211 452 2272 comparationem
493 2215 697 2259 instituit
744 2231 854 2273 quae
894 2219 974 2260 aut
1016 2216 1074 2259 ad
1105 2217 1290 2260 Colchos
1335 2232 1382 2260 se
1413 2216 1459 2259 111
1490 2216 1598 2269 duas

77 2302 234 2330 manus
282 2286 532 2331 dividentes
566 2290 644 2331 aut
676 2288 733 2331 ad
763 2288 881 2331 viam
911 2291 1088 2332 tantum
1133 2304 1160 2332 a
1191 2289 1366 2332 Colchis
1400 2288 1599 2332 omnibus

77 2354 236 2403 initam
278 2359 508 2416 pertinere
537 2362 702 2416 potest.
766 2360 815 2403 Si
860 2364 1009 2404 autem
1053 2376 1190 2417 supra
1236 2361 1289 2404 de
1331 2361 1599 2404 scholiorum

76 2433 243 2474 natura
273 2433 395 2474 recte
427 2430 676 2488 disputavi,
721 2432 912 2476 efficitur
944 2437 995 2476 ut
1034 2441 1108 2476 τῶν
1140 2433 1318 2491 Κόλχων
1350 2432 1386 2476 οἱ
1417 2437 1488 2490 μὲν
1517 2448 1598 2475 me.

175 2583 211 2627 1)
238 2581 489 2619 Schneiderus.
523 2583 734 2627 Heckerus,'
754 2583 847 2619 Com.
879 2584 1020 2619 Gallim.
1047 2595 1130 2629 pag.
1157 2585 1212 2618 44.

172 2644 208 2688 2)
234 2643 349 2679 Simili
374 2644 516 2679 ratione
537 2644 635 2679 infra
661 2643 723 2690 (ad
737 2645 788 2679 IV
801 2646 886 2690 306)
912 2645 1007 2681 inter
1029 2645 1120 2682 haec
1144 2656 1280 2690 genera
1304 2643 1598 2689 distinguendum

77 2709 153 2740 est:
185 2706 259 2752 τρία
285 2705 436 2751 στόματα
461 2706 530 2754 ἔχει
556 2707 573 2741 ὁ
595 2706 723 2754 Ἴστρος
747 2707 795 2741 ὧν
821 2708 854 2741 ἓν
879 2708 1006 2754 λέγεται
1032 2708 1137 2743 καλὸν
1163 2707 1271 2753 στόμα
1297 2707 1360 2752 (ὥς
1386 2718 1467 2754 φησι
1490 2705 1598 2752 Τιμά-

81 2778 181 2812 γητος
204 2766 238 2800 ἐν
262 2771 310 2813 τῷ
336 2768 409 2814 περὶ
431 2768 590 2814 λιμένων)
617 2768 660 2806 εἰς
687 2767 706 2802 ὅ
732 2780 812 2816 φησι
836 2770 972 2804 πλεῦσαι
996 2769 1054 2803 τὸν
1075 2769 1260 2816 ’Ἄψυρτον
1312 2768 1392 2804 Hoc
1419 2777 1528 2805 unum
1553 2766 1598 2803 de

77 2825 230 2871 pulchro
256 2827 350 2862 ostio
376 2827 587 2873 Timagetus
612 2828 750 2874 habuit,
777 2830 919 2878 reliqua
944 2834 1028 2867 sunt
1054 2829 1308 2880 Apolloniana.

170 2887 207 2933 3)
235 2885 294 2921 Sic
319 2886 499 2924 Iessenius
524 2887 561 2925 ΙΙ
585 2889 665 2926 769.
