<?xml version="1.0" encoding="UTF-8"?>
<!DOCTYPE html PUBLIC "-//W3C//DTD XHTML 1.0 Transitional//EN"
    "http://www.w3.org/TR/xhtml1/DTD/xhtml1-transitional.dtd">
<html xmlns="http://www.w3.org/1999/xhtml" xml:lang="en" lang="en">
 <head>
  <title>
</title>
<meta http-equiv="Content-Type" content="text/html;charset=utf-8" />
  <meta name='ocr-system' content='tesseract 3.04.00' />
  <meta name='ocr-capabilities' content='ocr_page ocr_carea ocr_par ocr_line ocrx_word'/>
</head>
<body>
  <div class='ocr_page' id='page_1' title='image "./deargonautarumre00fitc_0030.png"; bbox 0 0 1839 3265; ppageno 0'>
   <div class='ocr_carea' id='block_1_1' title="bbox 820 155 1099 197">
    <p class='ocr_par' dir='ltr' id='par_1_1' title="bbox 820 155 1099 197">
     <span class='ocr_line' id='line_1_1' title="bbox 820 155 1099 197; baseline -0.007 -9"><span class='ocrx_word' id='word_1_1' title='bbox 820 155 1099 197; x_wconf 55' lang='grc'>,20)-</span> 
     </span>
    </p>
   </div>
   <div class='ocr_carea' id='block_1_2' title="bbox 162 269 1777 1907">
    <p class='ocr_par' dir='ltr' id='par_1_2' title="bbox 162 269 1777 886">
     <span class='ocr_line' id='line_1_2' title="bbox 211 269 1777 326; baseline -0.003 -10"><span class='ocrx_word' id='word_1_2' title='bbox 211 278 307 317; x_wconf 63' lang='lat' dir='ltr'>arto</span> <span class='ocrx_word' id='word_1_3' title='bbox 358 290 448 315; x_wconf 68' lang='lat' dir='ltr'>cum</span> <span class='ocrx_word' id='word_1_4' title='bbox 491 274 605 315; x_wconf 68' lang='grc' dir='ltr'>ἄλλοι</span> <span class='ocrx_word' id='word_1_5' title='bbox 637 274 679 314; x_wconf 76' lang='grc' dir='ltr'>δὲ</span> <span class='ocrx_word' id='word_1_6' title='bbox 726 272 783 321; x_wconf 75' lang='grc' dir='ltr'>(οἳ</span> <span class='ocrx_word' id='word_1_7' title='bbox 813 273 855 313; x_wconf 77' lang='grc' dir='ltr'>δε</span> <span class='ocrx_word' id='word_1_8' title='bbox 886 270 1026 324; x_wconf 76' lang='lat' dir='ltr'>Flor.)</span> <span class='ocrx_word' id='word_1_9' title='bbox 1075 271 1175 326; x_wconf 80' lang='grc' dir='ltr'>μετὰ</span> <span class='ocrx_word' id='word_1_10' title='bbox 1214 269 1422 326; x_wconf 69' lang='grc' dir='ltr'>Ἀψὺρτου</span> <span class='ocrx_word' id='word_1_11' title='bbox 1470 269 1719 313; x_wconf 86' lang='lat' dir='ltr'>cohaereat.</span> <span class='ocrx_word' id='word_1_12' title='bbox 1774 275 1777 278; x_wconf 71' lang='grc'>“</span> 
     </span>
     <span class='ocr_line' id='line_1_3' title="bbox 215 340 1724 400; baseline -0.002 -14"><span class='ocrx_word' id='word_1_13' title='bbox 215 346 323 387; x_wconf 59' lang='lat' dir='ltr'>Tota</span> <span class='ocrx_word' id='word_1_14' title='bbox 372 345 509 399; x_wconf 67' lang='lat' dir='ltr'>igitur</span> <span class='ocrx_word' id='word_1_15' title='bbox 550 343 855 400; x_wconf 66' lang='lat' dir='ltr'>paragraphus</span> <span class='ocrx_word' id='word_1_16' title='bbox 899 341 961 383; x_wconf 83' lang='lat' dir='ltr'>sic</span> <span class='ocrx_word' id='word_1_17' title='bbox 992 340 1183 383; x_wconf 81' lang='lat' dir='ltr'>describi</span> <span class='ocrx_word' id='word_1_18' title='bbox 1213 344 1389 397; x_wconf 90' lang='lat' dir='ltr'>potest:</span> <span class='ocrx_word' id='word_1_19' title='bbox 1439 349 1514 383; x_wconf 81' lang='grc' dir='ltr'>τῶν</span> <span class='ocrx_word' id='word_1_20' title='bbox 1546 341 1724 399; x_wconf 87' lang='grc' dir='ltr'>Κόλχων</span> 
     </span>
     <span class='ocr_line' id='line_1_4' title="bbox 214 413 1721 472; baseline -0.001 -14"><span class='ocrx_word' id='word_1_21' title='bbox 214 417 247 458; x_wconf 72' lang='grc' dir='ltr'>οἱ</span> <span class='ocrx_word' id='word_1_22' title='bbox 281 422 349 472; x_wconf 76' lang='grc' dir='ltr'>μὲν</span> <span class='ocrx_word' id='word_1_23' title='bbox 383 419 445 458; x_wconf 74' lang='grc' dir='ltr'>διὰ</span> <span class='ocrx_word' id='word_1_24' title='bbox 477 426 549 458; x_wconf 79' lang='grc' dir='ltr'>τῶν</span> <span class='ocrx_word' id='word_1_25' title='bbox 586 417 772 458; x_wconf 69' lang='grc' dir='ltr'>Κυανέων</span> <span class='ocrx_word' id='word_1_26' title='bbox 805 423 955 470; x_wconf 70' lang='grc' dir='ltr'>πετρῶν</span> <span class='ocrx_word' id='word_1_27' title='bbox 988 415 1186 455; x_wconf 77' lang='grc' dir='ltr'>ἔπλευσαν</span> <span class='ocrx_word' id='word_1_28' title='bbox 1219 413 1290 469; x_wconf 86' lang='grc' dir='ltr'>(ὡς</span> <span class='ocrx_word' id='word_1_29' title='bbox 1320 417 1390 456; x_wconf 78' lang='grc' dir='ltr'>καὶ</span> <span class='ocrx_word' id='word_1_30' title='bbox 1421 414 1721 472; x_wconf 70' lang='grc' dir='ltr'>Καλλίμαχος*</span> 
     </span>
     <span class='ocr_line' id='line_1_5' title="bbox 211 481 1723 542; baseline 0 -16"><span class='ocrx_word' id='word_1_31' title='bbox 211 489 306 542; x_wconf 55' lang='grc' dir='ltr'>φησὶ</span> <span class='ocrx_word' id='word_1_32' title='bbox 356 487 396 526; x_wconf 77' lang='grc' dir='ltr'>δὲ</span> <span class='ocrx_word' id='word_1_33' title='bbox 441 486 467 527; x_wconf 73' lang='grc'>“.</span> <span class='ocrx_word' id='word_1_34' title='bbox 498 488 715 533; x_wconf 73' lang='grc' dir='ltr'>πολλώνιος</span> <span class='ocrx_word' id='word_1_35' title='bbox 769 483 1010 539; x_wconf 67' lang='grc' dir='ltr'>ὑποστρέψαι</span> <span class='ocrx_word' id='word_1_36' title='bbox 1050 481 1192 531; x_wconf 77' lang='grc' dir='ltr'>αὐτοὺς</span> <span class='ocrx_word' id='word_1_37' title='bbox 1223 482 1413 532; x_wconf 83' lang='grc' dir='ltr'>ἐναντίως</span> <span class='ocrx_word' id='word_1_38' title='bbox 1445 483 1723 541; x_wconf 81' lang='grc' dir='ltr'>Καλλιμάχῳ)</span> 
     </span>
     <span class='ocr_line' id='line_1_6' title="bbox 214 554 1720 612; baseline 0.001 -15"><span class='ocrx_word' id='word_1_39' title='bbox 214 557 325 598; x_wconf 71' lang='grc' dir='ltr'>ἄλλοι</span> <span class='ocrx_word' id='word_1_40' title='bbox 358 556 833 612; x_wconf 57' lang='grc' dir='ltr'>δὲκτε.-1ὺει(μιο]ιί1ιὶἰ</span> <span class='ocrx_word' id='word_1_41' title='bbox 868 560 936 597; x_wconf 71' lang='lat' dir='ltr'>cst</span> <span class='ocrx_word' id='word_1_42' title='bbox 968 570 1044 597; x_wconf 86' lang='lat' dir='ltr'>cur</span> <span class='ocrx_word' id='word_1_43' title='bbox 1077 554 1306 598; x_wconf 81' lang='lat' dir='ltr'>credamus</span> <span class='ocrx_word' id='word_1_44' title='bbox 1345 555 1720 612; x_wconf 72' lang='lat' dir='ltr'>comparationem</span> 
     </span>
     <span class='ocr_line' id='line_1_7' title="bbox 209 626 1722 684; baseline 0.002 -17"><span class='ocrx_word' id='word_1_45' title='bbox 209 644 318 683; x_wconf 62' lang='lat' dir='ltr'>quac</span> <span class='ocrx_word' id='word_1_46' title='bbox 352 628 393 669; x_wconf 82' lang='lat' dir='ltr'>iu</span> <span class='ocrx_word' id='word_1_47' title='bbox 429 629 573 669; x_wconf 54' lang='lat' dir='ltr'>vorbis·</span> <span class='ocrx_word' id='word_1_48' title='bbox 606 628 660 676; x_wconf 78' lang='grc' dir='ltr'>ὡς</span> <span class='ocrx_word' id='word_1_49' title='bbox 692 631 760 670; x_wconf 69' lang='grc' dir='ltr'>καὶ</span> <span class='ocrx_word' id='word_1_50' title='bbox 797 628 1064 684; x_wconf 77' lang='grc' dir='ltr'>Καλλιμάχος</span> <span class='ocrx_word' id='word_1_51' title='bbox 1108 626 1388 680; x_wconf 73' lang='lat' dir='ltr'>continetur,</span> <span class='ocrx_word' id='word_1_52' title='bbox 1440 627 1722 684; x_wconf 89' lang='lat' dir='ltr'>potissimum</span> 
     </span>
     <span class='ocr_line' id='line_1_8' title="bbox 207 699 1720 755; baseline 0.003 -16"><span class='ocrx_word' id='word_1_53' title='bbox 207 699 260 739; x_wconf 76' lang='lat' dir='ltr'>ad</span> <span class='ocrx_word' id='word_1_54' title='bbox 295 699 329 740; x_wconf 75' lang='grc' dir='ltr'>οἱ</span> <span class='ocrx_word' id='word_1_55' title='bbox 363 704 430 754; x_wconf 80' lang='grc' dir='ltr'>μὲν</span> <span class='ocrx_word' id='word_1_56' title='bbox 464 700 742 755; x_wconf 40' lang='lat' dir='ltr'>respiccrcf).</span> <span class='ocrx_word' id='word_1_57' title='bbox 844 700 941 742; x_wconf 89' lang='lat' dir='ltr'>Una</span> <span class='ocrx_word' id='word_1_58' title='bbox 987 699 1031 740; x_wconf 89' lang='lat' dir='ltr'>in</span> <span class='ocrx_word' id='word_1_59' title='bbox 1077 701 1208 755; x_wconf 88' lang='lat' dir='ltr'>parte</span> <span class='ocrx_word' id='word_1_60' title='bbox 1255 699 1539 742; x_wconf 84' lang='lat' dir='ltr'>consentiunt</span> <span class='ocrx_word' id='word_1_61' title='bbox 1586 699 1720 743; x_wconf 88' lang='lat' dir='ltr'>Calli-</span> 
     </span>
     <span class='ocr_line' id='line_1_9' title="bbox 162 767 1717 828; baseline 0.004 -19"><span class='ocrx_word' id='word_1_62' title='bbox 162 767 166 773; x_wconf 89' lang='lat'>&#39;</span> <span class='ocrx_word' id='word_1_63' title='bbox 208 770 379 812; x_wconf 67' lang='lat' dir='ltr'>unu-hus</span> <span class='ocrx_word' id='word_1_64' title='bbox 427 774 471 813; x_wconf 81' lang='lat' dir='ltr'>ct</span> <span class='ocrx_word' id='word_1_65' title='bbox 509 771 773 827; x_wconf 75' lang='lat' dir='ltr'>Apollonius</span> <span class='ocrx_word' id='word_1_66' title='bbox 819 771 934 828; x_wconf 82' lang='lat' dir='ltr'>quod</span> <span class='ocrx_word' id='word_1_67' title='bbox 974 770 1092 827; x_wconf 87' lang='lat' dir='ltr'>apud</span> <span class='ocrx_word' id='word_1_68' title='bbox 1132 774 1369 828; x_wconf 89' lang='lat' dir='ltr'>utrumque</span> <span class='ocrx_word' id='word_1_69' title='bbox 1400 787 1481 828; x_wconf 88' lang='lat' dir='ltr'>per</span> <span class='ocrx_word' id='word_1_70' title='bbox 1513 770 1717 827; x_wconf 88' lang='lat' dir='ltr'>Cyaneas</span> 
     </span>
     <span class='ocr_line' id='line_1_10' title="bbox 208 841 686 886; baseline 0.006 -5"><span class='ocrx_word' id='word_1_71' title='bbox 208 841 355 883; x_wconf 67' lang='lat' dir='ltr'>Colchi</span> <span class='ocrx_word' id='word_1_72' title='bbox 386 842 472 885; x_wconf 78' lang='lat' dir='ltr'>itcr</span> <span class='ocrx_word' id='word_1_73' title='bbox 506 842 686 886; x_wconf 81' lang='lat' dir='ltr'>faciunt.</span> 
     </span>
    </p>

    <p class='ocr_par' dir='ltr' id='par_1_3' title="bbox 204 924 1722 1907">
     <span class='ocr_line' id='line_1_11' title="bbox 322 924 1721 985; baseline 0.004 -18"><span class='ocrx_word' id='word_1_74' title='bbox 322 924 406 968; x_wconf 78' lang='lat' dir='ltr'>Sed</span> <span class='ocrx_word' id='word_1_75' title='bbox 438 926 587 982; x_wconf 82' lang='lat' dir='ltr'>pergit</span> <span class='ocrx_word' id='word_1_76' title='bbox 619 927 859 970; x_wconf 68' lang='lat' dir='ltr'>scholiasta</span> <span class='ocrx_word' id='word_1_77' title='bbox 903 941 989 969; x_wconf 87' lang='lat' dir='ltr'>una</span> <span class='ocrx_word' id='word_1_78' title='bbox 1027 927 1072 969; x_wconf 90' lang='lat' dir='ltr'>in</span> <span class='ocrx_word' id='word_1_79' title='bbox 1103 943 1151 970; x_wconf 90' lang='lat' dir='ltr'>rc</span> <span class='ocrx_word' id='word_1_80' title='bbox 1184 927 1285 970; x_wconf 90' lang='lat' dir='ltr'>illos</span> <span class='ocrx_word' id='word_1_81' title='bbox 1319 927 1560 972; x_wconf 81' lang='lat' dir='ltr'>dissentire</span> <span class='ocrx_word' id='word_1_82' title='bbox 1591 943 1721 985; x_wconf 81' lang='lat' dir='ltr'>expo-</span> 
     </span>
     <span class='ocr_line' id='line_1_12' title="bbox 210 998 1722 1056; baseline 0.004 -19"><span class='ocrx_word' id='word_1_83' title='bbox 210 1012 341 1039; x_wconf 66' lang='lat' dir='ltr'>nens:</span> <span class='ocrx_word' id='word_1_84' title='bbox 387 1002 486 1054; x_wconf 66' lang='grc' dir='ltr'>φησὶ</span> <span class='ocrx_word' id='word_1_85' title='bbox 519 1000 560 1040; x_wconf 77' lang='grc' dir='ltr'>δὲ</span> <span class='ocrx_word' id='word_1_86' title='bbox 591 998 864 1048; x_wconf 75' lang='grc' dir='ltr'>Ἀπολλώνιος</span> <span class='ocrx_word' id='word_1_87' title='bbox 895 998 1138 1056; x_wconf 71' lang='grc' dir='ltr'>ὑποστρέψαι</span> <span class='ocrx_word' id='word_1_88' title='bbox 1169 998 1315 1048; x_wconf 67' lang='grc' dir='ltr'>αὐτοὺς</span> <span class='ocrx_word' id='word_1_89' title='bbox 1346 999 1532 1049; x_wconf 78' lang='grc' dir='ltr'>ἐναντίως</span> <span class='ocrx_word' id='word_1_90' title='bbox 1563 1001 1722 1043; x_wconf 87' lang='grc' dir='ltr'>Καλλι-</span> 
     </span>
     <span class='ocr_line' id='line_1_13' title="bbox 208 1071 1722 1126; baseline 0.005 -18"><span class='ocrx_word' id='word_1_91' title='bbox 208 1072 339 1124; x_wconf 74' lang='grc' dir='ltr'>μάχῳ.</span> <span class='ocrx_word' id='word_1_92' title='bbox 403 1072 524 1122; x_wconf 62' lang='lat' dir='ltr'>Quae</span> <span class='ocrx_word' id='word_1_93' title='bbox 557 1071 779 1113; x_wconf 69' lang='lat' dir='ltr'>sententia</span> <span class='ocrx_word' id='word_1_94' title='bbox 811 1071 926 1114; x_wconf 72' lang='lat' dir='ltr'>sicut</span> <span class='ocrx_word' id='word_1_95' title='bbox 957 1071 1130 1114; x_wconf 87' lang='lat' dir='ltr'>tradita</span> <span class='ocrx_word' id='word_1_96' title='bbox 1151 1076 1232 1124; x_wconf 82' lang='lat' dir='ltr'>est,</span> <span class='ocrx_word' id='word_1_97' title='bbox 1265 1087 1353 1113; x_wconf 89' lang='lat' dir='ltr'>non</span> <span class='ocrx_word' id='word_1_98' title='bbox 1384 1071 1515 1126; x_wconf 82' lang='lat' dir='ltr'>facile</span> <span class='ocrx_word' id='word_1_99' title='bbox 1546 1071 1722 1115; x_wconf 88' lang='lat' dir='ltr'>intelle-</span> 
     </span>
     <span class='ocr_line' id='line_1_14' title="bbox 207 1142 1721 1201; baseline 0.003 -19"><span class='ocrx_word' id='word_1_100' title='bbox 207 1142 343 1194; x_wconf 63' lang='lat' dir='ltr'>gitur.</span> <span class='ocrx_word' id='word_1_101' title='bbox 433 1142 579 1185; x_wconf 82' lang='lat' dir='ltr'>Primo</span> <span class='ocrx_word' id='word_1_102' title='bbox 629 1148 810 1200; x_wconf 78' lang='lat' dir='ltr'>aspectu</span> <span class='ocrx_word' id='word_1_103' title='bbox 853 1144 913 1186; x_wconf 85' lang='lat' dir='ltr'>sic</span> <span class='ocrx_word' id='word_1_104' title='bbox 956 1143 1309 1201; x_wconf 79' lang='lat' dir='ltr'>interpretamur</span> <span class='ocrx_word' id='word_1_105' title='bbox 1350 1147 1403 1187; x_wconf 87' lang='lat' dir='ltr'>ut</span> <span class='ocrx_word' id='word_1_106' title='bbox 1434 1144 1623 1194; x_wconf 76' lang='grc' dir='ltr'>ἐναντίως</span> <span class='ocrx_word' id='word_1_107' title='bbox 1663 1143 1721 1187; x_wconf 88' lang='lat' dir='ltr'>ad</span> 
     </span>
     <span class='ocr_line' id='line_1_15' title="bbox 209 1216 1721 1270; baseline 0.003 -15"><span class='ocrx_word' id='word_1_108' title='bbox 209 1219 306 1270; x_wconf 71' lang='grc' dir='ltr'>φησί</span> <span class='ocrx_word' id='word_1_109' title='bbox 355 1216 608 1258; x_wconf 76' lang='lat' dir='ltr'>referatur:</span> <span class='ocrx_word' id='word_1_110' title='bbox 672 1218 920 1269; x_wconf 70' lang='lat' dir='ltr'>Apollonius</span> <span class='ocrx_word' id='word_1_111' title='bbox 975 1221 1109 1258; x_wconf 77' lang='lat' dir='ltr'>autem</span> <span class='ocrx_word' id='word_1_112' title='bbox 1165 1218 1288 1259; x_wconf 76' lang='lat' dir='ltr'>aliter</span> <span class='ocrx_word' id='word_1_113' title='bbox 1344 1231 1392 1259; x_wconf 79' lang='lat' dir='ltr'>ac</span> <span class='ocrx_word' id='word_1_114' title='bbox 1439 1217 1721 1260; x_wconf 78' lang='lat' dir='ltr'>Callimachus</span> 
     </span>
     <span class='ocr_line' id='line_1_16' title="bbox 204 1288 1721 1340; baseline 0.002 -12"><span class='ocrx_word' id='word_1_115' title='bbox 204 1288 302 1328; x_wconf 58' lang='lat' dir='ltr'>divit</span> <span class='ocrx_word' id='word_1_116' title='bbox 347 1301 412 1328; x_wconf 69' lang='lat' dir='ltr'>eos</span> <span class='ocrx_word' id='word_1_117' title='bbox 459 1289 633 1330; x_wconf 72' lang='lat' dir='ltr'>rediisse</span> <span class='ocrx_word' id='word_1_118' title='bbox 649 1288 693 1338; x_wconf 83' lang='lat'>²).</span> <span class='ocrx_word' id='word_1_119' title='bbox 786 1288 913 1340; x_wconf 77' lang='lat' dir='ltr'>Quod</span> <span class='ocrx_word' id='word_1_120' title='bbox 963 1288 1138 1331; x_wconf 87' lang='lat' dir='ltr'>minime</span> <span class='ocrx_word' id='word_1_121' title='bbox 1186 1304 1340 1332; x_wconf 83' lang='lat' dir='ltr'>verum</span> <span class='ocrx_word' id='word_1_122' title='bbox 1384 1291 1515 1332; x_wconf 88' lang='lat' dir='ltr'>esset.</span> <span class='ocrx_word' id='word_1_123' title='bbox 1604 1288 1721 1332; x_wconf 90' lang='lat' dir='ltr'>Nam</span> 
     </span>
     <span class='ocr_line' id='line_1_17' title="bbox 207 1358 1720 1413; baseline 0.005 -16"><span class='ocrx_word' id='word_1_124' title='bbox 207 1358 470 1413; x_wconf 72' lang='lat' dir='ltr'>Apollonius</span> <span class='ocrx_word' id='word_1_125' title='bbox 517 1360 624 1403; x_wconf 85' lang='lat' dir='ltr'>dicit</span> <span class='ocrx_word' id='word_1_126' title='bbox 656 1360 840 1403; x_wconf 81' lang='lat' dir='ltr'>Colchos</span> <span class='ocrx_word' id='word_1_127' title='bbox 886 1361 1057 1404; x_wconf 89' lang='lat' dir='ltr'>omnino</span> <span class='ocrx_word' id='word_1_128' title='bbox 1098 1376 1185 1403; x_wconf 90' lang='lat' dir='ltr'>non</span> <span class='ocrx_word' id='word_1_129' title='bbox 1228 1361 1391 1405; x_wconf 91' lang='lat' dir='ltr'>rediise</span> <span class='ocrx_word' id='word_1_130' title='bbox 1435 1361 1514 1404; x_wconf 89' lang='lat' dir='ltr'>sed</span> <span class='ocrx_word' id='word_1_131' title='bbox 1551 1361 1597 1404; x_wconf 88' lang='lat' dir='ltr'>in</span> <span class='ocrx_word' id='word_1_132' title='bbox 1629 1361 1720 1404; x_wconf 88' lang='lat' dir='ltr'>oris</span> 
     </span>
     <span class='ocr_line' id='line_1_18' title="bbox 208 1430 1720 1490; baseline 0.003 -19"><span class='ocrx_word' id='word_1_133' title='bbox 208 1430 374 1473; x_wconf 77' lang='lat' dir='ltr'>Adriae</span> <span class='ocrx_word' id='word_1_134' title='bbox 407 1431 530 1473; x_wconf 77' lang='lat' dir='ltr'>sedes</span> <span class='ocrx_word' id='word_1_135' title='bbox 561 1432 798 1475; x_wconf 83' lang='lat' dir='ltr'>colloca-sse</span> <span class='ocrx_word' id='word_1_136' title='bbox 819 1432 860 1485; x_wconf 82' lang='lat'>3).</span> <span class='ocrx_word' id='word_1_137' title='bbox 923 1433 1077 1490; x_wconf 89' lang='lat' dir='ltr'>Neque</span> <span class='ocrx_word' id='word_1_138' title='bbox 1120 1433 1388 1490; x_wconf 79' lang='lat' dir='ltr'>particulam</span> <span class='ocrx_word' id='word_1_139' title='bbox 1428 1432 1473 1476; x_wconf 77' lang='grc' dir='ltr'>οὒ</span> <span class='ocrx_word' id='word_1_140' title='bbox 1515 1433 1720 1490; x_wconf 88' lang='lat' dir='ltr'>supplen-</span> 
     </span>
     <span class='ocr_line' id='line_1_19' title="bbox 211 1501 1720 1563; baseline 0.004 -21"><span class='ocrx_word' id='word_1_141' title='bbox 211 1501 306 1543; x_wconf 87' lang='lat' dir='ltr'>dam</span> <span class='ocrx_word' id='word_1_142' title='bbox 341 1518 435 1546; x_wconf 85' lang='lat' dir='ltr'>esse</span> <span class='ocrx_word' id='word_1_143' title='bbox 467 1503 681 1547; x_wconf 79' lang='lat' dir='ltr'>coniicere</span> <span class='ocrx_word' id='word_1_144' title='bbox 713 1505 870 1548; x_wconf 87' lang='lat' dir='ltr'>liceret</span> <span class='ocrx_word' id='word_1_145' title='bbox 903 1507 1016 1563; x_wconf 70' lang='grc' dir='ltr'>(φησὶ</span> <span class='ocrx_word' id='word_1_146' title='bbox 1048 1507 1091 1547; x_wconf 80' lang='grc' dir='ltr'>δὲ</span> <span class='ocrx_word' id='word_1_147' title='bbox 1123 1505 1399 1555; x_wconf 68' lang='grc' dir='ltr'>3Απολλώνιος</span> <span class='ocrx_word' id='word_1_148' title='bbox 1428 1504 1506 1563; x_wconf 70' lang='grc' dir='ltr'>οὔχ</span> <span class='ocrx_word' id='word_1_149' title='bbox 1526 1504 1720 1561; x_wconf 77' lang='grc' dir='ltr'>ὑποστρέ-</span> 
     </span>
     <span class='ocr_line' id='line_1_20' title="bbox 209 1574 1719 1634; baseline 0.005 -20"><span class='ocrx_word' id='word_1_150' title='bbox 209 1574 318 1629; x_wconf 62' lang='grc' dir='ltr'>ψαι),</span> <span class='ocrx_word' id='word_1_151' title='bbox 364 1576 566 1631; x_wconf 87' lang='lat' dir='ltr'>quoniam</span> <span class='ocrx_word' id='word_1_152' title='bbox 606 1577 900 1619; x_wconf 75' lang='lat' dir='ltr'>Callimachus</span> <span class='ocrx_word' id='word_1_153' title='bbox 943 1593 1135 1634; x_wconf 80' lang='lat' dir='ltr'>quoque,</span> <span class='ocrx_word' id='word_1_154' title='bbox 1184 1577 1406 1621; x_wconf 82' lang='lat' dir='ltr'>Strabone</span> <span class='ocrx_word' id='word_1_155' title='bbox 1437 1577 1461 1619; x_wconf 84' lang='lat' dir='ltr'>I</span> <span class='ocrx_word' id='word_1_156' title='bbox 1490 1579 1546 1620; x_wconf 83' lang='lat'>46</span> <span class='ocrx_word' id='word_1_157' title='bbox 1585 1579 1719 1631; x_wconf 84' lang='lat' dir='ltr'>teste,</span> 
     </span>
     <span class='ocr_line' id='line_1_21' title="bbox 210 1645 1719 1706; baseline 0.005 -20"><span class='ocrx_word' id='word_1_158' title='bbox 210 1645 391 1689; x_wconf 78' lang='lat' dir='ltr'>Colchos</span> <span class='ocrx_word' id='word_1_159' title='bbox 424 1651 610 1704; x_wconf 80' lang='lat' dir='ltr'>propter</span> <span class='ocrx_word' id='word_1_160' title='bbox 631 1654 794 1692; x_wconf 88' lang='lat' dir='ltr'>metum</span> <span class='ocrx_word' id='word_1_161' title='bbox 814 1648 984 1692; x_wconf 81' lang='lat' dir='ltr'>Aeetae</span> <span class='ocrx_word' id='word_1_162' title='bbox 1016 1649 1190 1692; x_wconf 91' lang='lat' dir='ltr'>domum</span> <span class='ocrx_word' id='word_1_163' title='bbox 1220 1665 1308 1692; x_wconf 88' lang='lat' dir='ltr'>non</span> <span class='ocrx_word' id='word_1_164' title='bbox 1338 1649 1559 1706; x_wconf 87' lang='lat' dir='ltr'>repetisse</span> <span class='ocrx_word' id='word_1_165' title='bbox 1591 1649 1719 1693; x_wconf 82' lang='lat' dir='ltr'>dixit.</span> 
     </span>
     <span class='ocr_line' id='line_1_22' title="bbox 209 1717 1721 1778; baseline 0.004 -20"><span class='ocrx_word' id='word_1_166' title='bbox 209 1717 328 1772; x_wconf 80' lang='lat' dir='ltr'>Ergo</span> <span class='ocrx_word' id='word_1_167' title='bbox 363 1718 399 1760; x_wconf 86' lang='lat' dir='ltr'>si</span> <span class='ocrx_word' id='word_1_168' title='bbox 432 1720 605 1775; x_wconf 83' lang='lat' dir='ltr'>quaeris</span> <span class='ocrx_word' id='word_1_169' title='bbox 649 1735 733 1777; x_wconf 81' lang='lat' dir='ltr'>qua</span> <span class='ocrx_word' id='word_1_170' title='bbox 771 1721 816 1763; x_wconf 88' lang='lat' dir='ltr'>in</span> <span class='ocrx_word' id='word_1_171' title='bbox 848 1737 896 1763; x_wconf 87' lang='lat' dir='ltr'>re</span> <span class='ocrx_word' id='word_1_172' title='bbox 927 1721 1194 1778; x_wconf 88' lang='lat' dir='ltr'>Apollonius</span> <span class='ocrx_word' id='word_1_173' title='bbox 1227 1725 1273 1765; x_wconf 90' lang='lat' dir='ltr'>et</span> <span class='ocrx_word' id='word_1_174' title='bbox 1306 1721 1601 1765; x_wconf 83' lang='lat' dir='ltr'>Callimachus</span> <span class='ocrx_word' id='word_1_175' title='bbox 1634 1721 1721 1764; x_wconf 89' lang='lat' dir='ltr'>dis-</span> 
     </span>
     <span class='ocr_line' id='line_1_23' title="bbox 208 1789 1722 1849; baseline 0.004 -19"><span class='ocrx_word' id='word_1_176' title='bbox 208 1789 426 1843; x_wconf 71' lang='lat' dir='ltr'>sentiant,</span> <span class='ocrx_word' id='word_1_177' title='bbox 471 1791 522 1834; x_wconf 88' lang='lat' dir='ltr'>de</span> <span class='ocrx_word' id='word_1_178' title='bbox 556 1792 728 1835; x_wconf 76' lang='lat' dir='ltr'>Colchis</span> <span class='ocrx_word' id='word_1_179' title='bbox 774 1793 946 1835; x_wconf 88' lang='lat' dir='ltr'>domum</span> <span class='ocrx_word' id='word_1_180' title='bbox 986 1793 1276 1837; x_wconf 87' lang='lat' dir='ltr'>redeuntibus</span> <span class='ocrx_word' id='word_1_181' title='bbox 1322 1793 1496 1837; x_wconf 89' lang='lat' dir='ltr'>omnino</span> <span class='ocrx_word' id='word_1_182' title='bbox 1527 1809 1616 1836; x_wconf 92' lang='lat' dir='ltr'>non</span> <span class='ocrx_word' id='word_1_183' title='bbox 1647 1793 1722 1849; x_wconf 86' lang='lat' dir='ltr'>agi</span> 
     </span>
     <span class='ocr_line' id='line_1_24' title="bbox 208 1861 635 1907; baseline 0.012 -5"><span class='ocrx_word' id='word_1_184' title='bbox 208 1861 524 1905; x_wconf 84' lang='lat' dir='ltr'>concedendum</span> <span class='ocrx_word' id='word_1_185' title='bbox 555 1867 635 1907; x_wconf 89' lang='lat' dir='ltr'>est.</span> 
     </span>
    </p>
   </div>
   <div class='ocr_carea' id='block_1_3' title="bbox 208 1945 1736 2366">
    <p class='ocr_par' dir='ltr' id='par_1_4' title="bbox 208 1945 1736 2366">
     <span class='ocr_line' id='line_1_25' title="bbox 321 1945 1736 2007; baseline 0.004 -20"><span class='ocrx_word' id='word_1_186' title='bbox 321 1945 483 1989; x_wconf 83' lang='lat' dir='ltr'>Restat</span> <span class='ocrx_word' id='word_1_187' title='bbox 515 1950 565 1990; x_wconf 90' lang='lat' dir='ltr'>ut</span> <span class='ocrx_word' id='word_1_188' title='bbox 595 1963 687 1990; x_wconf 87' lang='lat' dir='ltr'>rem</span> <span class='ocrx_word' id='word_1_189' title='bbox 718 1949 893 1993; x_wconf 87' lang='lat' dir='ltr'>aliunde</span> <span class='ocrx_word' id='word_1_190' title='bbox 926 1950 1253 2007; x_wconf 83' lang='lat' dir='ltr'>aggrediamur.</span> <span class='ocrx_word' id='word_1_191' title='bbox 1317 1949 1426 1993; x_wconf 90' lang='lat' dir='ltr'>Cum</span> <span class='ocrx_word' id='word_1_192' title='bbox 1447 1949 1562 1993; x_wconf 91' lang='lat' dir='ltr'>enim</span> <span class='ocrx_word' id='word_1_193' title='bbox 1582 1949 1736 2006; x_wconf 46' lang='lat' dir='ltr'>Apol&lt;</span> 
     </span>
     <span class='ocr_line' id='line_1_26' title="bbox 208 2014 1719 2079; baseline 0.005 -23"><span class='ocrx_word' id='word_1_194' title='bbox 208 2014 348 2057; x_wconf 73' lang='lat' dir='ltr'>lenius</span> <span class='ocrx_word' id='word_1_195' title='bbox 393 2017 524 2059; x_wconf 85' lang='lat' dir='ltr'>aliam</span> <span class='ocrx_word' id='word_1_196' title='bbox 569 2020 787 2063; x_wconf 85' lang='lat' dir='ltr'>rationem</span> <span class='ocrx_word' id='word_1_197' title='bbox 826 2038 976 2065; x_wconf 86' lang='lat' dir='ltr'>rerum</span> <span class='ocrx_word' id='word_1_198' title='bbox 1008 2022 1387 2079; x_wconf 84' lang='lat' dir='ltr'>depingendarum</span> <span class='ocrx_word' id='word_1_199' title='bbox 1417 2025 1552 2079; x_wconf 86' lang='lat' dir='ltr'>atque</span> <span class='ocrx_word' id='word_1_200' title='bbox 1585 2021 1719 2065; x_wconf 89' lang='lat' dir='ltr'>Calli-</span> 
     </span>
     <span class='ocr_line' id='line_1_27' title="bbox 210 2087 1721 2151; baseline 0.006 -24"><span class='ocrx_word' id='word_1_201' title='bbox 210 2087 382 2130; x_wconf 83' lang='lat' dir='ltr'>machus</span> <span class='ocrx_word' id='word_1_202' title='bbox 415 2088 640 2145; x_wconf 81' lang='lat' dir='ltr'>ingressus</span> <span class='ocrx_word' id='word_1_203' title='bbox 673 2092 754 2146; x_wconf 81' lang='lat' dir='ltr'>sit,</span> <span class='ocrx_word' id='word_1_204' title='bbox 802 2094 946 2137; x_wconf 86' lang='lat' dir='ltr'>facilis</span> <span class='ocrx_word' id='word_1_205' title='bbox 981 2099 1051 2138; x_wconf 90' lang='lat' dir='ltr'>est</span> <span class='ocrx_word' id='word_1_206' title='bbox 1088 2095 1344 2138; x_wconf 84' lang='lat' dir='ltr'>coniectura</span> <span class='ocrx_word' id='word_1_207' title='bbox 1374 2093 1721 2151; x_wconf 86' lang='lat' dir='ltr'>discrepantiam</span> 
     </span>
     <span class='ocr_line' id='line_1_28' title="bbox 211 2151 1720 2217; baseline 0.007 -19"><span class='ocrx_word' id='word_1_208' title='bbox 211 2172 303 2199; x_wconf 86' lang='lat' dir='ltr'>cam</span> <span class='ocrx_word' id='word_1_209' title='bbox 335 2151 576 2217; x_wconf 82' lang='lat' dir='ltr'>essequod</span> <span class='ocrx_word' id='word_1_210' title='bbox 607 2162 757 2206; x_wconf 84' lang='lat' dir='ltr'>Colchi</span> <span class='ocrx_word' id='word_1_211' title='bbox 803 2181 848 2209; x_wconf 86' lang='lat' dir='ltr'>se</span> <span class='ocrx_word' id='word_1_212' title='bbox 892 2166 937 2208; x_wconf 90' lang='lat' dir='ltr'>in</span> <span class='ocrx_word' id='word_1_213' title='bbox 980 2167 1087 2209; x_wconf 88' lang='lat' dir='ltr'>duas</span> <span class='ocrx_word' id='word_1_214' title='bbox 1128 2182 1280 2210; x_wconf 89' lang='lat' dir='ltr'>manus</span> <span class='ocrx_word' id='word_1_215' title='bbox 1314 2166 1566 2210; x_wconf 81' lang='lat' dir='ltr'>diviserint.</span> <span class='ocrx_word' id='word_1_216' title='bbox 1629 2165 1720 2209; x_wconf 80' lang='lat' dir='ltr'>Soi-</span> 
     </span>
     <span class='ocr_line' id='line_1_29' title="bbox 210 2231 1720 2294; baseline 0.007 -25"><span class='ocrx_word' id='word_1_217' title='bbox 210 2243 301 2271; x_wconf 88' lang='lat' dir='ltr'>mus</span> <span class='ocrx_word' id='word_1_218' title='bbox 350 2231 462 2273; x_wconf 87' lang='lat' dir='ltr'>enim</span> <span class='ocrx_word' id='word_1_219' title='bbox 508 2248 560 2275; x_wconf 80' lang='lat' dir='ltr'>ex</span> <span class='ocrx_word' id='word_1_220' title='bbox 599 2234 654 2276; x_wconf 91' lang='lat' dir='ltr'>iis</span> <span class='ocrx_word' id='word_1_221' title='bbox 701 2251 810 2291; x_wconf 85' lang='lat' dir='ltr'>quae</span> <span class='ocrx_word' id='word_1_222' title='bbox 855 2237 907 2280; x_wconf 92' lang='lat' dir='ltr'>de</span> <span class='ocrx_word' id='word_1_223' title='bbox 954 2238 1118 2280; x_wconf 87' lang='lat' dir='ltr'>scholio</span> <span class='ocrx_word' id='word_1_224' title='bbox 1159 2237 1205 2280; x_wconf 90' lang='lat' dir='ltr'>in</span> <span class='ocrx_word' id='word_1_225' title='bbox 1245 2238 1314 2281; x_wconf 87' lang='lat' dir='ltr'>IV</span> <span class='ocrx_word' id='word_1_226' title='bbox 1360 2238 1446 2280; x_wconf 73' lang='lat'>284</span> <span class='ocrx_word' id='word_1_227' title='bbox 1489 2237 1720 2294; x_wconf 85' lang='lat' dir='ltr'>disputata</span> 
     </span>
     <span class='ocr_line' id='line_1_30' title="bbox 211 2302 1719 2366; baseline 0.007 -26"><span class='ocrx_word' id='word_1_228' title='bbox 211 2303 325 2352; x_wconf 73' lang='lat' dir='ltr'>sunt,</span> <span class='ocrx_word' id='word_1_229' title='bbox 371 2302 656 2359; x_wconf 81' lang='lat' dir='ltr'>Argonauta-s</span> <span class='ocrx_word' id='word_1_230' title='bbox 690 2309 806 2364; x_wconf 87' lang='lat' dir='ltr'>apud</span> <span class='ocrx_word' id='word_1_231' title='bbox 838 2308 1154 2352; x_wconf 89' lang='lat' dir='ltr'>Callimachum</span> <span class='ocrx_word' id='word_1_232' title='bbox 1187 2325 1268 2366; x_wconf 89' lang='lat' dir='ltr'>per</span> <span class='ocrx_word' id='word_1_233' title='bbox 1300 2309 1503 2366; x_wconf 81' lang='lat' dir='ltr'>Cyaneas</span> <span class='ocrx_word' id='word_1_234' title='bbox 1536 2309 1627 2353; x_wconf 84' lang='lat' dir='ltr'>iter</span> <span class='ocrx_word' id='word_1_235' title='bbox 1657 2309 1719 2352; x_wconf 87' lang='lat' dir='ltr'>fe·</span> 
     </span>
    </p>
   </div>
   <div class='ocr_carea' id='block_1_4' title="bbox 209 2498 1721 2848">
    <p class='ocr_par' dir='ltr' id='par_1_5' title="bbox 210 2498 1721 2654">
     <span class='ocr_line' id='line_1_31' title="bbox 305 2498 1721 2554; baseline 0.009 -23"><span class='ocrx_word' id='word_1_236' title='bbox 305 2499 339 2543; x_wconf 89' lang='lat'>1)</span> <span class='ocrx_word' id='word_1_237' title='bbox 365 2498 463 2534; x_wconf 90' lang='lat' dir='ltr'>Nihil</span> <span class='ocrx_word' id='word_1_238' title='bbox 497 2501 594 2536; x_wconf 84' lang='lat' dir='ltr'>aliud</span> <span class='ocrx_word' id='word_1_239' title='bbox 620 2504 780 2550; x_wconf 85' lang='lat' dir='ltr'>intellegi</span> <span class='ocrx_word' id='word_1_240' title='bbox 805 2518 912 2551; x_wconf 88' lang='lat' dir='ltr'>posse</span> <span class='ocrx_word' id='word_1_241' title='bbox 938 2509 1118 2545; x_wconf 85' lang='lat' dir='ltr'>Iessenius</span> <span class='ocrx_word' id='word_1_242' title='bbox 1144 2514 1260 2554; x_wconf 82' lang='lat' dir='ltr'>putat.</span> <span class='ocrx_word' id='word_1_243' title='bbox 1313 2509 1392 2553; x_wconf 84' lang='lat' dir='ltr'>Ego</span> <span class='ocrx_word' id='word_1_244' title='bbox 1431 2513 1551 2544; x_wconf 79' lang='lat' dir='ltr'>autem</span> <span class='ocrx_word' id='word_1_245' title='bbox 1576 2507 1721 2544; x_wconf 76' lang='lat' dir='ltr'>demon-</span> 
     </span>
     <span class='ocr_line' id='line_1_32' title="bbox 215 2558 1720 2613; baseline 0.01 -25"><span class='ocrx_word' id='word_1_246' title='bbox 215 2559 330 2592; x_wconf 83' lang='lat' dir='ltr'>strare</span> <span class='ocrx_word' id='word_1_247' title='bbox 357 2558 482 2594; x_wconf 83' lang='lat' dir='ltr'>studeo</span> <span class='ocrx_word' id='word_1_248' title='bbox 515 2561 601 2597; x_wconf 86' lang='lat' dir='ltr'>illud</span> <span class='ocrx_word' id='word_1_249' title='bbox 637 2564 789 2599; x_wconf 79' lang='lat' dir='ltr'>alterum</span> <span class='ocrx_word' id='word_1_250' title='bbox 825 2578 893 2601; x_wconf 91' lang='lat' dir='ltr'>non</span> <span class='ocrx_word' id='word_1_251' title='bbox 921 2567 1034 2603; x_wconf 88' lang='lat' dir='ltr'>solum</span> <span class='ocrx_word' id='word_1_252' title='bbox 1066 2568 1144 2604; x_wconf 89' lang='lat' dir='ltr'>fieri</span> <span class='ocrx_word' id='word_1_253' title='bbox 1178 2579 1306 2613; x_wconf 84' lang='lat' dir='ltr'>posse,</span> <span class='ocrx_word' id='word_1_254' title='bbox 1341 2568 1403 2604; x_wconf 88' lang='lat' dir='ltr'>sed</span> <span class='ocrx_word' id='word_1_255' title='bbox 1437 2568 1513 2604; x_wconf 85' lang='lat' dir='ltr'>veri</span> <span class='ocrx_word' id='word_1_256' title='bbox 1538 2568 1648 2604; x_wconf 81' lang='lat' dir='ltr'>etiam</span> <span class='ocrx_word' id='word_1_257' title='bbox 1673 2567 1720 2603; x_wconf 86' lang='lat' dir='ltr'>si-</span> 
     </span>
     <span class='ocr_line' id='line_1_33' title="bbox 210 2616 403 2654; baseline 0.031 -6"><span class='ocrx_word' id='word_1_258' title='bbox 210 2616 291 2652; x_wconf 86' lang='lat' dir='ltr'>mile</span> <span class='ocrx_word' id='word_1_259' title='bbox 315 2628 403 2654; x_wconf 84' lang='lat' dir='ltr'>esse.</span> 
     </span>
    </p>

    <p class='ocr_par' dir='ltr' id='par_1_6' title="bbox 209 2680 1720 2848">
     <span class='ocr_line' id='line_1_34' title="bbox 305 2680 1720 2737; baseline 0.017 -24"><span class='ocrx_word' id='word_1_260' title='bbox 305 2680 340 2723; x_wconf 85' lang='lat'>2)</span> <span class='ocrx_word' id='word_1_261' title='bbox 374 2680 529 2717; x_wconf 88' lang='lat' dir='ltr'>Verbum</span> <span class='ocrx_word' id='word_1_262' title='bbox 571 2685 764 2733; x_wconf 64' lang='grc' dir='ltr'>ὒποστρέιρω</span> <span class='ocrx_word' id='word_1_263' title='bbox 808 2690 922 2725; x_wconf 68' lang='lat' dir='ltr'>redire</span> <span class='ocrx_word' id='word_1_264' title='bbox 965 2691 1170 2735; x_wconf 84' lang='lat' dir='ltr'>significans</span> <span class='ocrx_word' id='word_1_265' title='bbox 1214 2692 1358 2737; x_wconf 81' lang='lat' dir='ltr'>saepius</span> <span class='ocrx_word' id='word_1_266' title='bbox 1399 2692 1456 2727; x_wconf 81' lang='lat' dir='ltr'>his</span> <span class='ocrx_word' id='word_1_267' title='bbox 1501 2691 1539 2726; x_wconf 77' lang='lat' dir='ltr'>in</span> <span class='ocrx_word' id='word_1_268' title='bbox 1573 2690 1720 2726; x_wconf 74' lang='lat' dir='ltr'>SGhOffiS</span> 
     </span>
     <span class='ocr_line' id='line_1_35' title="bbox 209 2736 1719 2798; baseline 0.017 -27"><span class='ocrx_word' id='word_1_269' title='bbox 209 2736 402 2776; x_wconf 82' lang='lat' dir='ltr'>invenitur:</span> <span class='ocrx_word' id='word_1_270' title='bbox 440 2743 518 2778; x_wconf 70' lang='lat' dir='ltr'>vide</span> <span class='ocrx_word' id='word_1_271' title='bbox 544 2745 590 2779; x_wconf 76' lang='lat' dir='ltr'>ad</span> <span class='ocrx_word' id='word_1_272' title='bbox 618 2747 650 2780; x_wconf 90' lang='lat'>11</span> <span class='ocrx_word' id='word_1_273' title='bbox 675 2750 766 2791; x_wconf 80' lang='lat'>854,</span> <span class='ocrx_word' id='word_1_274' title='bbox 793 2752 871 2785; x_wconf 86' lang='lat'>904.</span> <span class='ocrx_word' id='word_1_275' title='bbox 899 2752 950 2785; x_wconf 88' lang='lat'>111</span> <span class='ocrx_word' id='word_1_276' title='bbox 976 2753 1054 2788; x_wconf 84' lang='lat'>260.</span> <span class='ocrx_word' id='word_1_277' title='bbox 1092 2754 1141 2788; x_wconf 84' lang='lat' dir='ltr'>1v</span> <span class='ocrx_word' id='word_1_278' title='bbox 1167 2756 1247 2789; x_wconf 84' lang='lat'><strong>228.</strong></span> <span class='ocrx_word' id='word_1_279' title='bbox 1298 2754 1387 2789; x_wconf 80' lang='lat' dir='ltr'>Rem</span> <span class='ocrx_word' id='word_1_280' title='bbox 1421 2753 1533 2798; x_wconf 80' lang='lat' dir='ltr'>igitur</span> <span class='ocrx_word' id='word_1_281' title='bbox 1567 2752 1613 2788; x_wconf 82' lang='lat' dir='ltr'>ab</span> <span class='ocrx_word' id='word_1_282' title='bbox 1648 2752 1719 2788; x_wconf 77' lang='lat' dir='ltr'>hac</span> 
     </span>
     <span class='ocr_line' id='line_1_36' title="bbox 210 2803 615 2848; baseline 0.025 -17"><span class='ocrx_word' id='word_1_283' title='bbox 210 2803 313 2840; x_wconf 86' lang='lat' dir='ltr'>parte</span> <span class='ocrx_word' id='word_1_284' title='bbox 338 2812 406 2835; x_wconf 89' lang='lat' dir='ltr'>non</span> <span class='ocrx_word' id='word_1_285' title='bbox 433 2806 615 2848; x_wconf 83' lang='lat' dir='ltr'>temptavi.</span> 
     </span>
    </p>
   </div>
   <div class='ocr_carea' id='block_1_5' title="bbox 306 2862 872 2917">
    <p class='ocr_par' dir='ltr' id='par_1_7' title="bbox 306 2862 872 2917">
     <span class='ocr_line' id='line_1_37' title="bbox 306 2862 872 2917; baseline 0.023 -23"><span class='ocrx_word' id='word_1_286' title='bbox 306 2862 341 2907; x_wconf 78' lang='lat'>3)</span> <span class='ocrx_word' id='word_1_287' title='bbox 367 2863 415 2897; x_wconf 88' lang='lat' dir='ltr'>IV</span> <span class='ocrx_word' id='word_1_288' title='bbox 443 2868 508 2900; x_wconf 84' lang='lat'>507</span> <span class='ocrx_word' id='word_1_289' title='bbox 536 2877 632 2914; x_wconf 84' lang='lat' dir='ltr'>seqq.</span> <span class='ocrx_word' id='word_1_290' title='bbox 661 2871 750 2905; x_wconf 88' lang='lat'>1206</span> <span class='ocrx_word' id='word_1_291' title='bbox 777 2881 872 2917; x_wconf 81' lang='lat' dir='ltr'>seqq.</span> 
     </span>
    </p>
   </div>
  </div>
 </body>
</html>
