1898 3291
735 217 789 222 —
853 194 906 234 07
967 179 1056 224 -’

121 303 378 349 universum
422 319 476 348 ne
525 306 661 348 verbo
711 307 884 363 quidem
933 325 1039 365 opus
1088 315 1168 352 est.
1232 310 1318 353 Sed
1364 312 1408 354 in
1451 313 1637 369 singulis

123 377 326 434 quaestio
349 379 573 430 versatur,
607 380 874 434 praesertim
907 395 1001 422 011111
1024 382 1261 425 WVernickc
1295 383 1338 425 in
1371 385 1520 426 sabula
1549 386 1638 440 Hy-

123 448 218 505 gini
249 449 411 492 XXIII
448 449 703 493 memoriam
736 452 970 508 Apollonio
1015 453 1086 495 vel
1128 455 1416 497 vetustiorem
1462 462 1639 500 exstare

127 520 358 564 statuerit.

237 591 435 634 Primum
467 595 615 636 autem
647 596 790 637 totam
821 595 1054 637 materiam
1086 600 1191 640 ante
1216 597 1363 640 oculos
1386 614 1638 655 propsmain.

126 663 351 707 Habemus
383 664 596 708 nonnulla
627 665 672 707 in
702 666 965 722 Apollmlori
997 667 1299 721 Bibliotheca,
1345 673 1437 712 tum
1471 671 1638 727 Hygini

129 735 327 780 fabulam
348 751 490 790 unam,
525 737 681 780 deinde
703 738 868 795 Orphei
900 742 1045 795 (quem
1070 742 1290 795 vocamus)
1324 743 1639 797 Argonautica,

128 808 316 866 denique
347 808 465 865 apud
495 809 698 852 diversos
732 810 919 865 singula.
982 811 1044 854 Et
1082 812 1271 868 primum
1315 828 1424 869 quac
1469 813 1638 857 Plinius

126 880 181 923 N.
214 880 270 924 H.
303 880 374 923 III
407 880 502 934 151,
537 881 701 924 Strabo
738 882 830 925 VH
863 883 958 935 315,
995 882 1145 939 Steph.
1181 884 1290 939 Byz.
1327 900 1358 927 s.
1388 901 1426 927 v.
1462 886 1642 943 Ἀψυρτί-

128 953 197 1001 δες
227 952 414 1006 habent,
463 968 517 996 ex
547 953 784 1010 Apollonio
814 954 945 1010 plane
975 955 1188 1010 pendent,
1236 972 1374 1013 nequo
1413 957 1547 1000 aliter
1589 958 1641 1000 de

128 1024 333 1081 Orphicis
365 1024 645 1067 iudicandum
678 1029 758 1069 est.
835 1027 1061 1078 Quomodo
1095 1027 1304 1071 Valerius
1336 1028 1518 1072 Flaccus
1552 1046 1643 1073 rem

125 1095 406 1148 formaverit,
440 1111 494 1139 ex
524 1096 615 1139 illis
649 1112 758 1154 quae
792 1101 1032 1153 supersunt
1062 1114 1149 1140 non
1181 1099 1290 1142 satis
1323 1104 1522 1156 apparet.
1557 1100 1644 1143 Sed

131 1167 185 1211 de
215 1168 339 1211 fonte
362 1168 598 1225 Apollonio
639 1169 889 1212 vetustiore
921 1170 966 1211 in
997 1170 1059 1213 eis
1094 1186 1202 1227 quae
1234 1171 1286 1214 de
1309 1175 1510 1229 Apsyrto
1543 1188 1647 1228 pro-

128 1238 250 1292 tulit,
283 1254 337 1282 ne
369 1240 569 1295 cogitare.
602 1240 777 1296 quidem
807 1241 926 1283 lieet.
988 1240 1127 1283 Paulo
1151 1242 1285 1285 aliter
1307 1243 1352 1284 in
1369 1243 1645 1286 Bibliotheca

129 1323 202 1353 res
236 1325 282 1353 se
314 1311 459 1354 habet.
523 1311 797 1368 Quamquam
825 1312 1017 1368 plurima
1039 1327 1150 1369 quae
1172 1313 1223 1356 de
1248 1315 1519 1370 Argonautis
1544 1320 1647 1357 sunt

131 1398 186 1426 ex
207 1383 444 1440 Apollonio
474 1383 786 1440 profluxerunt
805 1386 848 1438 ¹),
882 1387 1032 1427 tamen
1054 1384 1188 1427 etiam
1219 1386 1309 1427 alia.
1338 1387 1549 1428 memoria
1580 1387 1649 1428 hic

132 1455 312 1498 subest:
374 1455 464 1497 Sub
508 1455 637 1499 finem
679 1455 793 1499 enim
838 1470 929 1512 cap.
966 1456 1046 1498 132
1090 1472 1251 1499 novum
1282 1457 1438 1513 incipit
1485 1459 1538 1499 ab
1580 1457 1645 1499 his

133 1527 308 1570 verbis:
343 1531 549 1570 συνείπετο
581 1526 623 1568 δὲ
656 1525 755 1583 αὐτῇ
789 1530 858 1569 καὶ
889 1526 1113 1581 ὁάδελφὸς
1132 1527 1346 1584 Ἄψυρτος.
1410 1528 1521 1570 Τ11111
1551 1543 1652 1571 nar—

130 1603 263 1642 ratur
283 1599 483 1642 Medeam
514 1603 567 1642 ut
597 1603 773 1656 patrem
794 1604 1135 1657 persequentem
1156 1601 1429 1653 retardaret,
1461 1602 1650 1644 fratrem

131 1671 384 1715 trucidasse
406 1676 452 1715 et
473 1673 670 1714 membra
692 1671 933 1728 dissipasse
952 1688 967 1726 3-
995 1688 1078 1729 quo
1108 1673 1275 1715 factum
1298 1688 1393 1716 esse
1417 1678 1466 1715 ut
1492 1676 1650 1716 Aeetes

134 1743 500 1801 aj'persecutione
540 1743 761 1787 desistens
793 1744 1115 1787 membris-'filii
1146 1744 1343 1787 collectis
1377 1748 1423 1788 et
1444 1745 1489 1786 in
1511 1745 1653 1801 sepul-

131 1832 206 1860 cro
240 1816 430 1860 conditis
462 1816 689 1873 regionem
722 1817 882 1859 Tomos
916 1817 1179 1873 appellaret.
1237 1817 1500 1860 Enuntiatio
1544 1831 1652 1874 quae

134 1889 337 1946 sequitur
370 1889 479 1945 (cap.¹
505 1882 596 1931 ν133
629 1890 709 1932 sub
741 1889 790 1944 f.)
834 1891 1008 1937 πολλοὺς
1045 1890 1087 1930 δὲ
1128 1897 1201 1930 τῶν
1234 1889 1410 1945 Κόλχων
1442 1905 1525 1931 me.
1556 1890 1650 1931 fere

133 1961 492 2018 ipsa‘Apolloni'i
529 1963 669 2005 verba
713 1954 795 2017 (IV
828 1961 909 2003 231
944 1962 1083 2018 seqq.)
1126 1961 1288 2004 reddit.
1351 1961 1461 2002 Tum
1503 1961 1653 2017 paucis

127 2025 278 2090 ³(capp.
313 2033 437 2076 134-
457 2033 557 2089 136)
601 2037 959 2089 0011ἕ63161311111
997 2047 1048 2076 ea
1081 2047 1190 2090 quae
1221 2032 1482 2089 Apollonius
1515 2032 1653 2075 versi-

134 2105 215 2147 bus
258 2097 461 2161 pluribus
505 2120 633 2162 quam
673 2104 929 2161 quingentis
971 2104 1205 2161 expressit.
1268 2104 1434 2146 Mentio
1476 2103 1651 2146 itineris

136 2191 216 2232 per
247 2175 455 2219 Histrum
495 2176 667 2219 omnino
700 2191 787 2218 non
817 2176 870 2219 fit
901 2182 1041 2232 neque
1074 2166 1234 2218 amisso
1267 2175 1457 2218 carmine
1476 2175 1653 2231 Apollo-

124 2248 268 2290 ‘niano
301 2248 516 2305 quomodo
550 2248 622 2291 via
652 2248 698 2290 in
728 2240 850 2290 mare
873 2247 1091 2290 Sardoum
1119 2247 1243 2290 facta
1275 2250 1392 2289 esset
1423 2246 1652 2302 intellege-

138 2312 300 2363 remus.
362 2320 561 2377 Ubique?
579 2312 755 2377 quidem
798 2322 1017 2376 apparent
1063 2318 1256 2374 vestigia
1288 2317 1470 2360 alicuius
1505 2317 1578 2373 qui
1609 2316 1654 2357 in

138 2394 278 2436 rebus·
315 2392 503 2435 maxime
549 2382 859 2449 geographicis
892 2391 1195 2433 narrationem
1226 2390 1473 2432 uberiorem
1506 2388 1655 2430 dedita

137 2456 552 2521 opera'contraxia
629 2463 716 2507 Sed
759 2479 813 2506 ne
855 2463 1050 2519 opineris
1082 2463 1187 2505 haec
1218 2460 1393 2504 aliunde
1425 2460 1655 2515 desumpta

125 2545 252 2590 esse,
286 2537 496 2580 observes
529 2540 696 2593 quanta
725 2535 960 2591 diligentia
992 2534 1099 2577 ordo
1132 2549 1180 2576 ac
1211 2546 1475 2589 progressus
1507 2545 1656 2573 rerum

138 2607 435 2661 retineantur,
477 2624 573 2651 cum
605 2607 807 2663 deinceps
842 2606 893 2649 de
926 2606 995 2648 ira
1025 2605 1157 2658 Iovis,
1192 2604 1243 2646 de
1277 2603 1415 2645 Celtis
1448 2606 1493 2644 et
1525 2601 1655 2656 Ligu-

139 2679 310 2733 ribus„
335 2679 389 2723 de
422 2679 571 2733 Circe,
621 2678 673 2721 de
716 2677 889 2734 reliquo
931 2692 1067 2734 usque
1113 2675 1168 2718 ad
1199 2674 1457 2724 Phaeaciam
1495 2672 1655 2715 itinere

137 2752 313 2807 agatur.
386 2750 591 2800 Accedit,
617 2748 732 2807 quod
762 2753 907 2792 morte
939 2747 1134 2805 Apsyrti
1176 2747 1262 2789 alio
1301 2745 1426 2787 modo
1468 2748 1655 2786 narrata

242 2902 278 2948 1)
303 2901 406 2948 Quod
431 2902 567 2938 iamdiu
592 2902 780 2948 perspexit
806 2906 842 2937 et
868 2900 1128 2936 demonstravit
1152 2899 1345 2934 Robertus.

1271 2961 1297 3001 5
1311 2961 1331 2985 »κ
