1839 3265
800 193 1085 234 ψ46--

198 315 372 356 Plinius,
408 312 530 368 quusi
565 311 626 352 sie
660 325 789 351 eausa
823 308 990 350 erroris
1024 307 1229 363 indagari
1261 306 1438 365 posset,
1482 305 1600 348 falsa
1635 319 1705 348 ra-

191 386 306 426 tiono
340 382 574 438 copulavit.
645 379 951 436 inquirendum
985 377 1098 419 enim
1131 381 1222 431 est,
1262 378 1435 435 quando
1469 381 1515 421 et
1546 378 1704 435 quibus

151 477 154 479 Δ
191 455 331 497 vaus-is
366 455 469 495 haee
503 452 647 508 opinio
681 452 732 493 <lo
771 451 923 493 Histro
966 449 1099 492 etiam
1143 449 1188 490 in
1219 449 1407 492 Adriam
1440 450 1706 493 decurrente

189 530 287 568 orta
321 526 403 577 sit,
447 524 602 579 deinde
646 526 793 565 utrum
826 521 1001 563 reditus
1033 520 1403 575 Argonautarum
1435 537 1515 578 per
1547 522 1708 565 flumen

188 596 249 637 sie.
282 595 469 636 divisum
503 610 698 636 errorem
730 591 1074 648 geographieum
1119 593 1412 647 progenuerit
1453 607 1510 634 an
1554 592 1705 650 potius

189 683 239 708 ox
285 666 484 722 opinione
524 664 821 721 geographica
863 662 1083 719 pristinus
1121 662 1489 718 Argonautarum
1532 665 1705 709 reditus

187 741 383 781 mutatus
417 738 489 779 sit.

300 810 359 851 ,let
393 809 579 865 primum
610 807 781 863 quidem
816 805 1014 848 dubitari
1045 820 1132 846 non
1153 808 1306 862 potest
1338 806 1443 863 quin
1472 806 1544 849 -hic
1575 821 1706 850 error

186 881 238 923 de
272 880 417 922 Histri
450 895 581 921 ‹rui-su
611 880 714 934 post
746 876 1023 919 Herodotum
1065 876 1237 918 demum
1269 876 1445 920 initium
1478 877 1704 934 ceperit¹).

186 952 307 994 Dicit
339 951 451 993 enim
484 950 739 992 Herodotus
773 949 833 1002 (Π
862 950 930 1002 33)
964 947 1038 990 ubi
1069 948 1445 1005 comparationem
1476 948 1595 992 inter
1627 948 1706 992 Ni-

186 1023 274 1064 lum
307 1025 351 1064 et
385 1022 587 1064 Histrum
620 1020 832 1072 instituit„
866 1020 1073 1062 Histrum
1104 1024 1248 1063 totam
1279 1021 1507 1078 Europam
1536 1035 1705 1077 perme-

187 1097 333 1136 antem
364 1093 409 1135 in
442 1093 633 1136 Pontum
665 1092 886 1134 Euxinum
919 1091 1168 1134 decurrere.
1233 1091 1346 1134 Tum
1385 1093 1533 1147 addit,
1581 1092 1602 1135 ὁ
1634 1096 1705 1150 μὲν

188 1167 235 1222 δὴ
266 1165 441 1220 Ἴστρος,
485 1163 565 1220 ῥέει
606 1167 681 1220 γὰρ
723 1164 769 1205 δι’
813 1163 1076 1220 οἰκεομένης,
1123 1167 1222 1220 πρὸς
1260 1166 1419 1207 πολλῶν
1455 1169 1701 1220 γινώσκεται.

188 1238 385 1294 ]r)enique
417 1237 573 1279 fluvios
606 1239 839 1293 percenset
872 1236 955 1292 (IV
976 1236 1052 1290 49)
1090 1235 1163 1292 qui
1194 1250 1273 1292 per
1306 1238 1450 1278 totam
1481 1236 1708 1292 regionem

189 1325 214 1351 a
257 1310 445 1351 Thracia
486 1325 621 1365 usque
665 1309 719 1350 ad
758 1308 939 1351 Italiam
983 1312 1138 1365 (χώρης
1176 1307 1422 1365 Ὀμβρικῶν)
1466 1321 1604 1365 aquas
1650 1307 1708 1350 ad

189 1380 529 1437 septemtriones
561 1380 605 1421 in
636 1379 842 1421 Histrum
874 1378 1073 1421 mittunt.
1149 1378 1252 1420 Sine
1285 1378 1416 1421 dubio
1448 1378 1706 1422 Herodotus

189 1467 363 1494 cursam
395 1451 583 1493 fluminis
616 1451 678 1493 sic
707 1466 794 1492 non
826 1450 1113 1506 definxisset,
1148 1450 1185 1492 si
1212 1450 1450 1507 quidquam
1471 1451 1525 1493 de
1545 1451 1707 1495 Histro

189 1538 323 1580 aquas
357 1523 490 1566 etiam
522 1523 566 1564 in
596 1537 717 1564 mare
737 1522 1020 1565 Adriaticum
1041 1521 1251 1565 mittente
1273 1522 1535 1575 audivisset,
1566 1537 1708 1579 neque

186 1596 240 1638 de
271 1596 355 1638 tali
381 1596 498 1637 fama
526 1593 751 1636 tacuisset.
812 1592 919 1634 Cum
948 1593 1178 1649 probabile
1209 1593 1270 1636 sit
1298 1594 1600 1646 Herodotum,
1633 1593 1707 1651 qui

186 1667 392 1710 notitiam
423 1666 514 1709 illis
547 1665 820 1721 temporibus
857 1664 1061 1707 eximiam
1092 1665 1272 1718 habuit,
1318 1680 1369 1708 ea
1402 1680 1512 1723 quae
1544 1665 1598 1708 de
1626 1664 1707 1708 hoc

190 1739 363 1781 flumine
398 1738 541 1781 tradit
576 1736 899 1779 mercatoribus
929 1736 1004 1793 qui
1035 1736 1081 1778 in
1105 1736 1250 1780 Ponto
1277 1736 1452 1780 Euxino
1485 1739 1532 1779 et
1558 1726 1709 1779 Histri

190 1811 303 1852 ostio
336 1810 632 1853 versabantur
665 1808 825 1850 debere
857 1807 957 1850 fons
991 1807 1118 1850 huius
1152 1807 1321 1851 erroris
1355 1808 1533 1851 aliunde
1554 1811 1707 1865 peten-

189 1881 268 1923 dus
301 1885 381 1924 est.
445 1881 640 1922 Primum
672 1879 785 1922 enim
816 1879 1121 1922 testimonium
1159 1883 1204 1922 et
1237 1879 1451 1935 optimum
1482 1882 1527 1922 et
1558 1882 1708 1923 vetus-

189 1952 408 1995 tissimum
439 1955 588 1995 exstat
618 1951 664 1993 in
694 1951 810 1993 libro
845 1950 920 2007 qui
950 1951 1148 2003 Pei-{plus
1179 1950 1364 2005 Scylacis
1397 1951 1711 2006 Caryandensis

192 2024 449 2068 inscribitur
482 2039 573 2080 cap.
607 2024 662 2065 2o
702 2023 820 2066 Μετὰ
859 2024 902 2064 δὲ
935 2022 1118 2071 Ἐνετοὺς
1151 2022 1245 2064 εἰσιν
1275 2024 1398 2072 ἔθνος
1427 2022 1596 2080 Ἴστροι,
1639 2026 1710 2066 καὶ

193 2100 374 2153 ποταμὸς
402 2096 581 2151 Ἴστρος·
628 2093 743 2143 οὗτος
775 2095 795 2137 ὁ
828 2098 1012 2151 ποταμὸς
1043 2097 1113 2137 καὶ
1145 2092 1202 2142 εἰς
1235 2097 1301 2137 τὸν
1332 2095 1486 2137 Πόντον
1517 2095 1710 2151 ἐκβάλλει

191 2184 272 2209 ms.
292 2168 334 2223 2).
397 2167 560 2210 Statim
580 2169 785 2210 movetur
810 2165 1001 2222 suspicio
1025 2164 1362 2208 similitudinem
1392 2165 1580 2208 nominis
1613 2180 1709 2208 eam

193 2239 437 2294 opinionem
478 2254 587 2295 quae
628 2238 748 2281 inter
784 2237 1063 2280 >recentiores
1107 2236 1364 2294 saepissime
1396 2237 1595 2294 repetita
1626 2240 1709 2292 est,

195 2326 411 2353 evocasse.
473 2309 600 2362 Quod
631 2309 765 2352 etiam
798 2309 994 2365 scriptor
1026 2308 1187 2366 aliquis
1222 2311 1430 2352 vetustus
1464 2308 1582 2365 apud
1603 2308 1709 2350 Dio-

194 2381 348 2423 dorum
396 2381 478 2423 Sic.
511 2381 578 2423 IV
610 2381 663 2422 56
710 2381 952 2437 perspexit.
1031 2381 1139 2422 ἀλλὰ
1178 2383 1254 2437 γὰρ
1295 2387 1378 2428 τοῖς
1420 2388 1710 2439 συγγραφεῦσιν

195 2453 322 2495 αἰτίαν
353 2461 424 2510 τῆς
454 2455 609 2509 πλάνης
640 2456 737 2509 φασὶ
767 2456 959 2506 γενέσθαι
1002 2456 1071 2509 τὴν
1114 2452 1344 2510 ὁμωνυμίαν
1388 2461 1463 2496 τῶν
1504 2461 1708 2510 ποταμῶν.

293 2615 324 2657 l)
352 2613 404 2647 Cf.
434 2613 476 2647 H.
495 2613 700 2658 Bergerum,
734 2615 938 2650 Geschic-Iztc
964 2615 1025 2650 der
1051 2614 1635 2657 weissenschaftlichenErcllcuncle
1651 2618 1713 2654 der

201 2672 371 2706 Griechen
400 2673 415 2705 Ι
441 2675 496 2707 87.

291 2735 326 2778 2)
352 2734 472 2769 Etiam
506 2734 708 2769 Hecataeus
744 2741 884 2779 gentem
919 2737 1126 2772 Histrorum
1161 2739 1472 2785 commemoravit,
1509 2740 1552 2776 cf.
1585 2741 1709 2786 Steph.

198 2795 279 2839 Byz.
295 2806 321 2829 S.
336 2806 366 2829 v.
389 2793 527 2841 Ἴοτροι·
556 2794 648 2833 ἔθνος
675 2796 706 2829 ἐν
732 2801 778 2841 τῷ
806 2795 910 2842 Ἰονίῳ
939 2799 1054 2844 κόλπῳ
1071 2812 1078 2819 ·
1101 2797 1275 2837 Ἑκαταῖος
1294 2798 1456 2847 Εὐρώπῃ.
1509 2801 1712 2837 Cavendum

199 2861 314 2890 autem
342 2861 397 2890 est
422 2867 466 2890 ne
491 2856 649 2901 Scylacis
677 2857 881 2901 opinionem
909 2859 940 2892 ei
966 2860 1118 2895 tribuas.
1181 2861 1288 2895 Talia
1313 2862 1408 2897 enim
1432 2873 1548 2908 neque
1574 2850 1712 2899 tradit'a

199 2921 281 2953 sunt
306 2928 418 2961 neque
445 2918 474 2952 si
501 2918 705 2954 Hecataeus
733 2929 775 2954 ea
801 2920 1010 2964 scrspsisset
1037 2922 1260 2958 Herodotum
1286 2923 1476 2968 fugissent.
1599 2909 1604 2912 ⁵
