1898 3291
714 181 1062 243 —351—¹

98 313 237 358 tanda
268 317 493 359 versatur.
559 318 700 373 Atque
733 317 789 359 ad
821 317 930 360 hanc
962 317 1151 361 alteram
1183 321 1613 374 argumentationem

102 385 343 429 reserenda
373 389 444 429 est
486 387 619 430 etiam
648 389 812 431 mentio
858 390 1084 446 signorum
1130 390 1171 431 in
1206 391 1431 434 Aethalia.
1477 393 1610 435 maris

98 455 328 513 Tyrrheni
351 457 510 508 insula,
536 461 829 514 repertorum.
865 460 927 502 Ut
945 459 1030 501 iam
1048 475 1140 501 rem
1156 461 1305 516 paucis
1333 462 1612 517 comprehen-

95 527 206 581 dam,
231 528 376 571 omnia
407 543 518 586 quae
550 529 594 571 in
616 529 696 572 hac
721 529 867 573 altera
895 531 1051 587 capitis
1074 532 1296 588 particula-
1329 533 1613 577 continentur

95 599 178 642 huc
195 602 413 656 spectant,
448 604 498 644 ut
523 601 854 644 demonstretur
878 602 1070 645 reditum
1091 617 1169 658 per
1192 618 1312 645 mare
1329 603 1612 658 Tyrrhenum

94 673 141 715 et
180 671 349 716 fretum
380 671 575 716 Siculum
621 678 766 716 actum
810 689 917 717 csse.
998 674 1244 717 Praeterea
1296 680 1498 730 apertum
1543 679 1612 718 est

94 743 202 787 haec
232 748 498 801 argumenta
519 745 575 788 ad
598 745 786 802 aliquem
821 745 895 802 qui
917 745 960 787 in
983 746 1253 789 contrariam
1275 750 1448 802 partem
1466 746 1612 802 dispu-

92 815 264 860 taverit
295 816 368 860 vel
399 817 595 861 fortasse
628 818 683 860 ad
725 817 971 874 opinionem
1014 818 1109 860 fere
1142 817 1338 860 omnibus
1382 823 1531 861 notam
1563 833 1613 861 ac

96 893 323 945 acceptam
354 889 591 946 respicere.
666 889 821 946 Neque
864 890 900 932 is
949 889 1023 946 qui
1070 889 1376 932 demonstrare
1410 889 1613 933 studeret

94 963 378 1017 Argonautas
422 977 520 1018 per-
545 961 753 1004 Histrum
797 965 842 1004 et
888 960 1067 1003 Adriam
1110 975 1285 1003 cursum
1325 960 1522 1003 tenuisse
1563 975 1614 1003 ea

92 1032 270 1076 ratione
300 1033 387 1076 niti
418 1037 613 1090 poterat,
647 1037 698 1077 ut
729 1033 809 1075 illa
849 1033 976 1089 signa
1020 1032 1071 1076 de
1103 1032 1301 1075 Planctis
1335 1035 1380 1075 et
1412 1032 1615 1075 Aethalia

94 1104 295 1148 afferret.
375 1105 503 1158 Quod
546 1105 584 1147 si
625 1105 732 1147 mihi
775 1103 1043 1147 concesseris
1086 1102 1167 1145 hoc
1197 1106 1330 1159 caput
1361 1118 1414 1144 ex
1446 1103 1613 1146 duabus

92 1175 297 1232 partibus
354 1179 400 1219 et
449 1176 616 1219 duobus
660 1175 958 1219 ratiocinandi
1010 1174 1149 1217 modis
1193 1178 1418 1226 constare,
1475 1174 1614 1230 inqui-

89 1245 277 1289 rendum
321 1246 410 1290 erit
443 1262 526 1304 quo
568 1246 750 1289 consilio
792 1261 934 1303 quave
975 1260 1107 1288 causa
1146 1245 1252 1288 haec
1295 1244 1527 1287 dissimilia
1568 1244 1613 1286 in

90 1333 225 1362 unum
254 1318 487 1362 coniuncta
518 1318 622 1362 sint.

210 1389 448 1432 Ordiamur
479 1389 622 1446 igitur
653 1405 679 1432 a
709 1394 840 1447 parte
866 1388 1023 1442 altera,
1058 1388 1110 1430 de
1133 1387 1253 1430 cuius
1277 1386 1474 1429 fontibus
1498 1385 1614 1428 haud

88 1476 229 1519 pauca-
259 1465 488 1519 comperta
517 1462 739 1505 habemus.
812 1460 1133 1504 Testimonium
1179 1458 1295 1501 enim
1344 1472 1612 1514 magnopere

94 1548 190 1576 cum
211 1533 278 1576 his
305 1532 598 1585 consentiens,
636 1531 753 1588 apud
769 1532 1013 1575 Diodorum
1037 1530 1232 1574 Siculum
1263 1529 1346 1584 (IV
1361 1528 1431 1583 56)
1464 1542 1613 1570 serva-

90 1608 180 1659 tur,
215 1605 331 1662 quod
360 1620 456 1648 cum
487 1604 544 1647 ad
574 1604 684 1646 hanc
705 1604 1007 1660 quaestionem
1039 1599 1382 1658 disceptandam
1408 1613 1613 1654 magnum

95 1677 308 1719 auxilium
352 1673 495 1730 ferat,
541 1675 801 1731 diligentius
833 1678 1036 1718 tractare
1081 1689 1190 1730 opus
1238 1674 1320 1714 est.
1391 1669 1613 1712 Diodorus

99 1748 272 1806 quidem
294 1763 376 1805 per
397 1748 504 1791 libri
527 1747 680 1805 quarti
701 1762 823 1804 capp.
846 1745 1096 1789 XL——LVI
1129 1745 1180 1788 de
1212 1746 1312 1787 tota
1335 1742 1613 1798 expeditione

93 1819 396 1877 Argonautica
425 1819 567 1862 fusius
623 1822 669 1862 et
701 1818 910 1861 continua
955 1817 1156 1859 oratione
1189 1813 1428 1866 disseruit,
1470 1813 1535 1855 ita
1565 1816 1616 1855 ut

93 1891 285 1948 primum
317 1890 370 1933 de
402 1905 515 1933 nave
547 1889 838 1942 aedificanda,
887 1888 1042 1930 deinde
1074 1887 1126 1929 de
1157 1886 1232 1929 via
1261 1899 1399 1941 usque
1431 1884 1487 1926 ad
1519 1883 1615 1926 Col-

95 1963 198 2006 chos
231 1965 278 2006 et
308 1963 442 2005 rebus
478 1961 541 2004 ibi
570 1961 708 2015 actis,
754 1965 849 2004 tum
880 1959 932 2002 de
964 1958 1115 2002 reditu
1151 1973 1230 2014 per
1262 1955 1614 2012 Hellespontum,

93 2035 280 2092 denique
312 2034 365 2077 de
387 2033 568 2076 Medeae
602 2033 862 2089 Iasonisque
893 2031 1088 2074 fortunis
1120 2028 1445 2087 posterioribus
1477 2026 1615 2067 verba

93 2107 277 2150 faceret.
339 2106 462 2160 Quae
493 2106 696 2149 narratio
741 2107 820 2148 sub
852 2105 982 2147 finem
1022 2101 1296 2160 paragraphi
1328 2098 1515 2143 alterius
1548 2111 1615 2139 ca-

93 2179 201 2236 pitis
223 2178 343 2222 LVI.
368 2177 545 2222 desinit.
603 2177 690 2221 Sed
708 2177 934 2219 Diodorus
956 2175 1147 2218 nondum
1171 2171 1469 2229 Argonautica
1492 2183 1616 2212 enar-

94 2251 238 2295 randa
276 2250 489 2307 perfecit,
540 2250 618 2293 sed
649 2250 803 2292 statim
845 2250 1170 2304 καταλειπόμενα
1202 2244 1414 2302 quaedam
1445 2242 1497 2284 de
1537 2240 1617 2281 hac

94 2321 249 2365 fabula
279 2320 454 2374 adiecit,
494 2321 560 2363 his
595 2321 769 2378 quidem
814 2318 987 2362 verbis:
1035 2317 1108 2360 οὒκ
1151 2316 1277 2370 ὀλίγοι
1319 2317 1395 2368 γὰρ
1438 2320 1513 2354 τῶν
1544 2311 1616 2365 ἀρ-

96 2396 226 2452 χαίων
257 2396 516 2451 σοςῑραφέων
549 2397 620 2435 καὶ
651 2401 726 2435 τῶν
761 2408 809 2448 με
813 2406 949 2444 tot-seve
955 2393 1114 2444 στέρων,
1147 2387 1198 2429 ὧν
1232 2386 1313 2427 ἐστι
1345 2387 1414 2427 καὶ
1436 2383 1557 2439 Τίμα
1561 2397 1615 2433 ος,

97 2468 196 2525 φασὶ
226 2495 363 2507 .....
395 2463 640 2506 ἀναπλευσα
633 2480 729 2512 ντας
752 2466 828 2519 (ἀρ
865 2461 1011 2508 αὔτως
1041 2461 1095 2501 δ.
1066 2476 1105 2501 α
1132 2465 1200 2500 τοῦ
1218 2458 1289 2500 To.
1282 2461 1344 2498 νά.
1349 2457 1417 2503 &og
1438 2459 1617 2509 ποταυοῠ

98 2536 163 2580 ἐπὶ
181 2539 253 2585 τὰς
270 2542 405 2592 πηγὰς
433 2541 505 2581 ’καὶ
532 2539 640 2579 κατὰ
662 2539 780 2578 τόπον
807 2550 839 2575 τι
842 2537 889 2576 νὰ
908 2537 977 2590 τὴν
995 2539 1089 2574 ναῦν
1108 2532 1142 2572 δ.
1147 2532 1395 2576 :immam
1412 2521 1511 2568 καθ
1532 2524 1616 2566 ἑτέ-

99 2627 171 2668 ρου
200 2612 318 2654 πάλιν
350 2613 532 2665 ποταμοῦ
565 2610 635 2663 τὴν
667 2604 774 2661 ρὺσιν
801 2605 966 2660 ἔχοντος
998 2601 1054 2649 εὶς
1085 2604 1150 2643 τὸν
1176 2600 1354 2641 ὠκεανὸν
1387 2597 1564 2639 καταπλ-
1552 2601 1615 2635 εῦ-

98 2699 167 2726 σαι
205 2685 307 2739 πρὸς
337 2683 417 2736 τὴν
449 2681 668 2722 θάλασσαν
706 2692 790 2718 κτε.
867 2673 1092 2716 Diodorus
1125 2671 1266 2727 igitur
1308 2668 1419 2710 hanc
1451 2665 1615 2722 opinio-

97 2769 197 2797 nem
228 2753 282 2796 de
313 2767 446 2796 cursu
476 2765 556 2808 per
582 2748 779 2801 Tanaim,
821 2747 1039 2789 Oceanum
1072 2737 1479 2800 septemtrionalem
1511 2735 1618 2777 occi-

96 2824 426 2880 dentalemque,
471 2822 593 2864 freta
624 2819 850 2862 Gaditana
881 2817 1000 2860 facto
1050 2813 1308 2872 quibusdam
1352 2807 1607 2852 auctoribus

96 2911 148 2942 ac
176 2894 446 2954 praesertim
464 2893 642 2935 Timaeo
675 2891 850 2936 tribuit.
900 2889 1049 2944 Quare
1079 2901 1167 2929 non
1197 2882 1375 2928 dubium
1406 2885 1476 2925 est
1510 2880 1615 2938 quin
