1839 3265
817 187 1098 229 -74-

198 302 479 359 Porphyrius
523 305 571 345 de
618 305 752 345 Antro
785 304 1073 357 Nympharum
1116 304 1216 357 Cap.
1254 305 1369 346 XVI
1412 304 1520 361 ipsis
1567 304 1716 348 verbis

201 376 482 432 Thmigoniae
515 375 734 432 Orphicao
777 376 931 419 allatis
978 376 1127 418 Iovem
1159 375 1400 420 Saturnum
1434 393 1514 434 ope
1546 376 1716 420 Terrae

197 448 472 505 consopitum
506 448 754 490 exsecuisse
786 447 991 491 tradidit.
1062 448 1191 491 Adde
1233 449 1367 492 etiam
1398 449 1618 493 Aristidis
1650 454 1716 493 te-

198 521 452 564 stimonium
485 522 506 562 Ι
538 521 592 576 35
625 520 756 563 Dind.
836 520 1082 563 Lobeckius
1116 521 1320 575 Aylaoph.
1354 521 1377 563 I
1408 523 1491 564 51ss
1525 521 1598 579 qui
1629 535 1717 564 una

197 593 364 635 scholia
396 593 661 635 Florentina
692 598 796 635 anto
830 593 978 636 oculos
1011 593 1188 644 habuit,
1222 592 1449 636 Timaeum
1480 598 1715 651 utramque

198 666 392 708 fabul-<un
423 666 674 722 respexisse
706 670 828 708 reete
851 665 1078 708 iudicavit.
1143 665 1233 707 Sub
1265 666 1393 709 finem
1425 666 1532 709 haee
1552 666 1598 708 in
1613 665 1715 708 Flo-

199 738 389 781 rentinis
432 738 664 793 leguntur:
716 739 878 795 Μάκρις
922 739 964 779 δὲ
1007 737 1233 795 ὠνομάσθη
1282 738 1360 781 ἀπὸ
1393 739 1605 794 Μάκριδος
1647 747 1718 796 τῆς

197 812 388 853 Aeo-2500»)
430 817 608 866 τροφοῦ·
655 811 849 866 Κέρκυρα
888 810 967 852 απὸ
1011 810 1226 866 Κερκῦρας
1263 819 1330 868 τῆς
1358 809 1548 853 Ἀσωποῦ
1585 813 1712 865 θυγα-

197 887 301 938 τρός.
366 881 438 924 Sic
470 881 514 923 in
537 881 776 925 Parisinis:
813 883 972 938 Μάκριν
1004 883 1046 923 δὲ
1080 882 1158 924 ἀπὸ
1185 881 1403 938 Κερκὺρας
1427 890 1499 938 τῆς
1530 881 1716 924 Ἀσωποῦ

196 956 415 1010 θυγατρός.
649 961 652 964 ’
671 962 676 966 ’

311 1025 431 1068 Haec
464 1041 518 1068 ex
539 1024 780 1081 Apollonio
812 1040 899 1066 non
932 1040 1028 1067 esse
1062 1025 1260 1081 repetita
1292 1041 1341 1068 eo
1375 1028 1565 1082 apparet
1596 1024 1714 1081 quod

194 1098 288 1154 ipse
320 1098 366 1140 in
397 1113 531 1141 versu
563 1097 691 1139 huius
724 1096 830 1138 libri
860 1098 943 1139 566
976 1097 1085 1139 hanc
1119 1112 1295 1140 causam
1325 1097 1513 1140 nominis
1544 1096 1716 1139 insulae

196 1171 422 1226 Corcyrae
454 1170 624 1226 Nigrae
656 1169 862 1226 protulit.
927 1169 1042 1212 Vide
1086 1174 1234 1213 autem
1266 1168 1489 1212 Hellanioi
1518 1168 1717 1212 testimo-

196 1243 315 1284 nium
348 1243 465 1299 apud
497 1242 649 1298 Steph.
683 1242 795 1297 Byz.
831 1257 863 1283 3.
898 1258 937 1283 v.
972 1242 1125 1290 Φαίαξ.
1189 1242 1425 1290 Ἑλλάνικος
1447 1241 1619 1297 Ἱερειῶν
1651 1239 1717 1282 α’·

194 1315 332 1363 Φαίαξ
375 1314 394 1357 ὁ
427 1315 679 1362 Ποσειδῶνος
726 1317 796 1355 καὶ
831 1314 1047 1370 Κερκῦρας
1087 1322 1160 1371 τῆς
1191 1313 1443 1363 Ἀσωπίδος,
1486 1308 1552 1369 ἀφ’
1594 1312 1645 1369 ἧς
1685 1311 1711 1369 ἡ

195 1394 318 1442 νῆσος
351 1386 545 1441 Κέρκυρα
577 1385 764 1442 ἐκλήθη,
813 1388 855 1427 τὸ
901 1388 988 1440 πρὶν
1021 1384 1210 1440 Δρεπάνη
1255 1401 1296 1426 τε
1328 1388 1398 1427 καὶ
1431 1385 1582 1441 Σχερία
1612 1385 1717 1440 κλη-

196 1459 333 1498 θεῐοα.
398 1458 451 1498 cf.
487 1455 622 1498 etiam
653 1454 783 1497 Diod.
817 1454 900 1496 Sic.
922 1454 990 1497 IV
1021 1454 1088 1496 72.
1131 1453 1333 1496 Paus.11
1365 1455 1403 1508 ὅ,
1427 1454 1477 1507 2,
1510 1454 1553 1496 V
1583 1452 1652 1505 22,
1676 1452 1715 1494 6.

194 1526 314 1567 Haeo
345 1525 488 1581 igitur
519 1524 726 1581 pristinis
759 1523 938 1567 scholiis
971 1523 1302 1566 vindicaverim.
1543 1525 1546 1527 “

309 1595 378 1638 IV
410 1595 534 1636 1216.

471 1667 507 1708 L
526 1682 552 1709 a
563 1683 591 1708 u
606 1682 641 1708 r.
1261 1666 1384 1709 Flor.

259 1773 294 1781 ..
327 1739 521 1793 ἀπόγονον
564 1747 639 1781 τῶν
671 1739 931 1795 Βακχιαδῶν,
1119 1738 1313 1792 ἀπόγονον
1352 1746 1427 1780 τῶν
1457 1738 1717 1794 Βακχιαδῶν,

197 1815 481 1866 κατῳκηκέναι
512 1814 580 1867 τὴν
612 1818 745 1866 νῆσον.
988 1810 1065 1851 εἴτε
1081 1809 1302 1852 ἐκπεσόντα
1319 1817 1391 1867 τῆς
1406 1809 1615 1865 Κορίνθου
1638 1808 1718 1850 εἴτε

984 1884 1054 1924 καὶ
1085 1881 1229 1923 ἑκόντα
1262 1881 1458 1923 ἀπελθεῖν
1476 1881 1508 1936 1)
1539 1882 1604 1923 διὰ
1637 1880 1715 1922 ἀτι-

985 1955 1078 2008 μίαν
1095 1954 1164 1992 καὶ
1186 1955 1472 2008 κατῳκηκέναι
1494 1954 1565 2008 τὴν
1581 1958 1716 2008 νῆσον.

309 2024 523 2077 Quaestio
556 2023 731 2081 quidem
753 2023 908 2080 gravis
942 2028 1011 2066 est
1043 2039 1138 2066 cum
1170 2023 1226 2066 ad
1249 2023 1419 2066 Timaei
1447 2022 1718 2066 sententiam

196 2097 435 2153 pertineat.
497 2096 636 2139 Vides
669 2095 934 2139 Florentina
965 2100 1011 2139 et
1042 2095 1250 2138 Parisina
1291 2100 1342 2138 ut
1373 2094 1523 2138 verbis
1554 2094 1717 2137 discre-

195 2184 305 2226 pare
337 2169 401 2212 ita
435 2168 787 2211 Laurentianum
832 2184 920 2210 non
961 2183 1057 2212 esse
1100 2168 1269 2211 fontem
1300 2182 1568 2211 communem
1597 2181 1717 2208 mon-

199 2246 360 2284 strare.
426 2241 536 2282 Tum
569 2242 779 2283 observes
813 2255 973 2297 quaeso
1007 2239 1273 2283 sententiam
1307 2248 1434 2296 quam
1455 2237 1722 2281 Laurentia-

194 2330 276 2356 nus
308 2329 420 2355 unus
454 2314 533 2355 sub
565 2313 696 2355 finem
727 2313 884 2355 scholii
914 2312 1127 2356 retinuit:
1190 2313 1272 2354 ἔστι
1303 2313 1346 2354 δὲ
1377 2311 1398 2354 ὁ
1430 2315 1500 2368 τὴν
1533 2311 1719 2353 ἀποικίαν

196 2386 321 2440 κτεῗ).
394 2384 557 2428 Elueet
601 2384 743 2440 igitur
786 2400 927 2441 neque
968 2383 1319 2427 Laurentianum
1360 2398 1501 2440 neque
1545 2384 1718 2425 eeteros

294 2554 329 2595 1)
358 2551 471 2585 Paris.
500 2551 688 2585 ἀπελθόντα
715 2551 766 2584 διὰ
793 2550 830 2584 τὸ
858 2548 1060 2597 ἠτιμῶςθαι,
1087 2548 1256 2594 ᾠκηκέναι
1281 2560 1348 2581 κτε.

290 2613 326 2656 2)
354 2612 453 2655 Quae
489 2613 670 2647 sententia
704 2623 774 2646 non
801 2611 971 2655 intellego
998 2622 1066 2655 quo
1094 2611 1172 2644 iure
1198 2608 1243 2643 ad
1270 2608 1455 2643 Timaeum
1481 2607 1610 2642 referri
1636 2617 1718 2651 pos·

195 2671 252 2705 sit.
312 2671 404 2704 Nam
438 2682 480 2705 ea
514 2682 606 2714 quae
632 2670 850 2705 antecedunt
876 2671 1007 2717 Κόλχοι
1035 2670 1068 2703 δὲ
1095 2669 1266 2713 διαβάντες
1293 2679 1361 2700 κτε.
1390 2665 1480 2700 1111111
1506 2666 1577 2700 11131
1605 2665 1716 2709 Apol·

194 2730 283 2765 lonii
309 2730 526 2765 senteutiam
553 2729 704 2764 reddere
731 2729 906 2764 videntur.
953 2729 1093 2763 Keilius
1120 2733 1240 2762 tamen
1266 2726 1385 2760 omnia
1411 2725 1518 2769 quasi
1541 2730 1621 2760 arte
1637 2735 1718 2759 con-

197 2787 376 2833 iungenda
402 2796 438 2823 et
464 2788 578 2832 ipsius
605 2788 743 2822 Timaei
767 2787 878 2822 verba
904 2788 1016 2831 signis
1043 2786 1210 2820 inclusit:
1250 2784 1312 2820 sed
1338 2794 1539 2829 perperam.
1591 2784 1715 2828 Neque

199 2847 307 2883 credo
333 2847 548 2883 Muellerum
582 2847 660 2883 iure
686 2847 776 2882 haec
812 2847 906 2882 iuter
933 2846 1071 2881 Timaei
1110 2845 1219 2881 verba
1255 2844 1446 2889 recepisse.
1511 2844 1591 2889 (Fr.
1616 2843 1713 2878 Hist.

200 2906 324 2943 Graec.
351 2907 368 2941 I
392 2906 485 2952 frag.
513 2908 584 2952 53).
