1898 3291
698 175 980 232 ...η’ῌ

79 300 291 345 declarat.
369 301 477 345 Cum
517 302 658 358 igitur
703 319 811 346 vera
853 303 985 346 lectio
1032 304 1078 345 in
1117 304 1272 356 finibus
1303 303 1438 347 Ioniis
1480 306 1601 348 iuxta

81 374 268 428 Mysiam
315 373 399 426 sit,
447 373 716 417 adiectivum
758 390 845 417 non
890 389 916 416 a
959 374 1072 416 mari
1115 374 1172 417 ad
1211 376 1601 432 septemtrionales

79 459 236 488 versus
269 444 453 499 iacente,
501 445 579 489 sed
623 446 772 502 potius
819 447 873 489 ab
921 460 972 489 ea
1016 446 1198 504 regione
1235 447 1373 490 Asiae
1412 448 1599 492 Minoris

80 531 190 574 quae
222 519 292 560 est
322 516 449 560 Ionia
481 517 725 561 ducendum
757 520 838 562 est.
900 518 1052 575 Atque
1085 519 1349 572 scholiasta,
1398 520 1514 576 quod
1544 520 1601 563 ad

78 603 150 631 res
182 588 501 646 geographicas
534 590 724 643 attinet,
772 590 945 634 omnino
991 591 1170 634 confuse
1210 590 1424 648 loquitur.
1485 591 1600 634 Nam

78 660 218 703 verba
260 661 374 704 Calci
413 662 552 703 amnis
600 660 680 716 (sic
720 661 864 716 Leid.)
909 661 982 705 vel
1017 663 1135 704 Caici
1179 662 1260 717 (sic
1290 662 1498 719 Vossius)
1545 662 1603 705 ad

76 731 186 774 bene
217 734 369 774 notam
401 730 453 774 de
484 731 609 787 Hyla
640 730 836 774 fabulam
867 747 955 774 non
985 731 1223 788 quadrant.

195 817 318 871 Quae
350 833 446 860 cum
475 817 542 861 ita
574 817 677 871 sint,
719 834 807 861 vox
839 818 981 875 Ἰονίην
1013 818 1096 873 (Ν
1118 818 1220 874 289)
1266 818 1304 861 si
1346 834 1508 862 revera
1548 819 1600 863 de

80 888 224 933 Ponto
256 889 431 933 Euxino
473 889 639 933 dicitur
679 893 750 933 est
789 889 896 938 ἅπαξ
934 891 1161 946 λεγόμενον.
1226 889 1314 933 Sed
1344 890 1480 933 etiam
1511 891 1601 934 alia

76 960 196 1004 ratio
239 960 308 1005 rei
346 961 633 1018 temptandae
678 964 841 1006 exstat.
920 961 991 1004 Ex
1035 961 1213 1005 scholiis
1255 962 1369 1005 enim
1409 968 1599 1020 apparet

76 1032 150 1076 vel
180 1032 298 1090 apud
327 1036 506 1077 veteres
527 1033 930 1090 interpretationes
954 1033 1158 1077 diversas
1180 1034 1464 1078 circumlatas
1488 1051 1596 1078 esse.

75 1104 139 1147 Et
169 1104 360 1161 primum
389 1119 477 1148 una
506 1105 582 1149 via
613 1104 881 1162 explanandi
911 1106 990 1147 sub
1024 1106 1153 1148 finem
1185 1105 1341 1148 scholii
1361 1106 1407 1148 in
1428 1106 1496 1149 IV
1515 1106 1601 1148 284

78 1175 330 1220 invenitur:
377 1176 398 1219 ὁ
443 1177 486 1218 δὲ
523 1175 682 1232 Ἴστρος
721 1181 1057 1233 καταφερόμενος
1089 1176 1131 1225 ἐξ
1163 1176 1462 1232 Ὑπερβορέων,
1505 1177 1599 1219 ὅταν

77 1249 224 1305 φθάσῃ
254 1246 320 1289 ἐπὶ
352 1251 416 1290 τὸν
450 1248 599 1304 μεταξὺ
633 1248 818 1296 Σκυθίας
850 1251 920 1289 καὶ
952 1248 1120 1305 Θρᾴκης
1150 1252 1288 1298 τόπον,
1330 1252 1510 1305 σχίζεται
1540 1248 1598 1296 εἰς

77 1321 172 1370 δι’)ο,
214 1322 285 1361 καὶ
316 1323 360 1362 τὸ
392 1324 463 1376 μὲν
497 1318 618 1362 αὐτοῦ
660 1319 717 1368 εὶς
758 1323 822 1362 τὸν
853 1319 1040 1369 Εὔξεινον
1082 1325 1220 1363 πόντον
1263 1323 1430 1376 βάλλει,
1477 1324 1520 1363 τὸ
1554 1322 1598 1362 δὲ

74 1391 209 1448 ἕτερον
240 1390 298 1441 εἷς
329 1396 400 1450 τὴν
432 1391 684 1450 Τυρρηνικὴν
714 1393 958 1435 θάλασσαν;
999 1395 1095 1436 tum
1125 1387 1244 1447 haec,
1277 1396 1320 1435 τὸ
1353 1393 1598 1450 Τυρρηνικὸν

53 1466 253 1519 ’πέλαγος
283 1468 526 1521 παράκειται
555 1473 604 1521 τῇ
638 1465 816 1521 Σικελία.

188 1549 547 1606 Explicationem
577 1551 631 1592 ab
663 1550 744 1592 hac
774 1550 904 1607 plane
948 1550 1192 1594 distantem
1234 1549 1363 1594 initio
1403 1550 1598 1594 eiusdem

74 1621 232 1663 scholii
261 1621 487 1665 invenies:
535 1625 599 1664 τὸν
627 1621 785 1677 Ἴστρον
817 1625 936 1680 φησὶν
978 1622 1025 1665 ἐκ
1056 1631 1131 1665 τῶν
1163 1622 1438 1679 Ὑπερβορέων
1469 1639 1598 1665 κατα-

77 1696 280 1750 φέρεσθαι
308 1697 379 1736 κοιὶ
409 1702 484 1736 τῶν
507 1693 697 1737 Ῥιπαίων
731 1693 852 1750 ὀρῶν·
886 1699 1096 1752 γενόμενον
1130 1696 1173 1737 δὲ
1205 1697 1354 1752 μεταξὺ
1387 1705 1461 1737 τῶν
1494 1696 1600 1738 Σκυ-

74 1766 162 1806 θῶν
194 1767 264 1806 καὶ
295 1764 467 1820 Θρακῶν
501 1767 733 1822 σχίζεσθαι,
771 1768 840 1807 καὶ
871 1768 914 1808 τὸ
947 1769 1017 1822 μὲν
1050 1764 1107 1813 εἰς
1138 1769 1207 1823 τὴν
1239 1765 1341 1808 καθ’
1373 1766 1483 1824 ἡμᾶς
1516 1769 1598 1809 θά-

75 1837 230 1878 λασσαν
275 1835 488 1891 ἐκβάλλειν
530 1835 721 1893 ῥεῖθρον,
767 1841 810 1880 τὸ
854 1839 898 1879 δὲ
942 1836 998 1886 εἰς
1040 1841 1108 1895 τὴν
1140 1838 1340 1895 Ποντικὴν
1379 1841 1598 1882 θάλασσαν

77 1906 305 1957 ἐκπίπτειν,
352 1911 394 1949 τὸ
428 1909 472 1949 δὲ
504 1907 563 1956 εἰς
603 1911 668 1950 τὸν
700 1908 959 1964 Ἀδριατικὸν
1000 1910 1150 1951 κόλπον
1165 1909 1209 1964 1).
1285 1910 1401 1954 Fere
1447 1911 1599 1954 eadem

72 1979 393 2035 interpretatio
434 1979 480 2021 in
526 1980 704 2022 scholiis
746 1980 868 2022 Flor.
914 1982 960 2023 et
990 1979 1136 2023 Paris.
1208 1981 1265 2023 ad
1298 1997 1363 2024 vs.
1396 1983 1478 2024 291
1523 1983 1597 2025 ad-

74 2050 245 2107 scripta
276 2054 365 2094 est:
414 2053 662 2109 βουλόμενος
703 2053 745 2093 δὲ
779 2051 799 2094 ὁ
830 2051 1112 2101 Ἀπολλώνιος
1158 2058 1389 2110 καινότερόν
1433 2071 1467 2096 τι
1508 2058 1598 2111 περὶ

72 2129 140 2164 τοῦ
180 2121 341 2178 Ἴστρου
384 2121 527 2173 εἰπεῖν,
575 2126 617 2166 τὸ
663 2122 720 2172 εἷς
765 2127 830 2165 τὸν
870 2121 1039 2179 Ἀδρίαν
1083 2130 1418 2182 καταφερόμενον
1467 2125 1596 2183 ῥεῦμα

75 2193 194 2237 αὐτοῦ
225 2193 445 2252 ὃποδιαιρεῐ
477 2194 601 2244 αὖθις
633 2195 692 2245 εἰς
724 2197 817 2246 δὺο,
856 2199 926 2238 καὶ
959 2200 1002 2239 τὸ
1035 2201 1105 2254 μὲν
1138 2197 1196 2246 εἰς
1227 2201 1292 2240 τὸν
1322 2197 1493 2254 Ἀδρίαν
1524 2203 1597 2257 φέ-

73 2269 234 2322 ρεσθαι,
265 2270 309 2309 τὸ
340 2267 382 2308 δὲ
415 2266 471 2316 εἰς
489 2268 737 2325 Τυρρηνικὸν
769 2270 948 2323 πέλαγος
979 2271 1110 2324 λέγει·
1145 2269 1241 2326 ὅπερ
1273 2275 1596 2328 καταχρώμενος

73 2338 310 2395 Τρινάκριον
343 2338 442 2381 εἷπε.

187 2425 326 2470 Vides
359 2441 443 2482 quo
475 2425 597 2468 nisus
639 2426 699 2469 sit
742 2426 982 2483 interpres.
1043 2427 1159 2470 Nam
1199 2427 1312 2470 illud
1343 2432 1595 2486 σχιζόμενος,

51 2496 192 2555 'quod
223 2512 318 2539 cum
350 2497 454 2539 ἔνθα
488 2499 583 2554 διχῇ
618 2497 766 2554 aliquo
798 2502 929 2555 pacto
963 2499 1242 2542 coniunctum
1282 2516 1379 2543 esse
1422 2516 1598 2557 exspec-

71 2574 220 2624 tares,
268 2568 405 2612 alteri
451 2569 772 2613 enuntiationis
814 2571 1010 2613 membro
1053 2570 1274 2614 insertum
1317 2576 1400 2615 est.
1470 2572 1598 2615 Hanc

74 2640 249 2698 quidem
281 2640 622 2698 explicationem
654 2641 790 2685 etiam
820 2641 989 2686 novelli
1028 2642 1201 2700 aliquot
1233 2642 1472 2686 defendere
1505 2646 1596 2686 stu-

174 2851 208 2897 1)
233 2842 347 2888 Om'isi
371 2851 460 2888 illud
484 2852 725 2900 Aeschyleum
752 2853 848 2899 quod
886 2854 924 2890 in
949 2855 1122 2893 continua
1149 2856 1315 2893 oratione
1341 2856 1447 2901 quasi
1487 2857 1597 2894 inter-

76 2914 234 2951 calutum
261 2917 327 2950 est.

1213 2980 1239 3023 2
