1898 3291
682 213 969 256 *31-

65 327 213 387 igitur'
238 327 488 374 Geffckenii
521 330 812 372 Kallimachus
843 334 992 372 wusste
1023 344 1102 371 von
1134 331 1207 372 der
1239 329 1488 382 Istwscdnt,
1536 342 1582 369 er

67 401 172 444 ldsst
217 402 283 444 die
319 402 504 444 Kolcher
544 402 671 444 Polai
709 402 901 455 (Jriindcn
941 415 1063 443 more
1106 400 1384 442 novellorum
1434 401 1581 457 potius

67 486 195 529 quam
226 474 429 515 veterum
461 470 662 514 concludi
693 470 831 514 vides.

183 542 231 586 Si
273 543 505 586 enucleare
546 543 748 586 volumus
794 557 904 599 quae
937 542 1078 586 fuerit
1118 542 1235 585 ratio
1268 543 1583 600 consiliumque

68 614 328 659 Callimachi
358 615 404 656 in
434 615 501 657 his
534 615 738 658 versibus
771 614 970 667 edendis,
1003 614 1077 657 via
1108 614 1239 670 longe
1271 615 1360 658 alia
1390 615 1582 671 ingredi-

67 685 180 729 enda
210 689 292 730 est.
355 686 470 729 Nam
497 689 680 743 praeter
704 686 1020 728 Callimachum
1041 686 1171 729 multi
1202 690 1344 729 testes
1376 687 1582 730 audiendi

69 761 187 812 sunt,
221 773 271 802 ac
301 758 470 816 primus
494 757 774 814 Apollonius.
835 757 972 800 Libro
1007 757 1075 800 IV
1107 757 1187 799 511
1223 772 1341 814 seqq.
1376 758 1582 801 fortunas

69 845 221 873 eorum
242 830 506 873 Colchorum
528 829 710 886 exponit
733 829 807 886 qui
823 829 1030 885 Apsyrto
1063 829 1149 871 iam
1179 829 1432 883 interfecto,
1467 830 1583 872 omni

67 917 142 956 spe
175 917 282 959 opus
316 905 569 958 susceptum
591 899 848 943 conficiendi
880 900 1029 943 orbati
1060 903 1229 943 essent:
1263 915 1447 957 quorum
1469 901 1581 944 alios

67 972 244 1029 quidem
274 972 320 1015 in
350 972 506 1015 iisdem
539 971 696 1015 insulis
729 971 804 1014 ubi
831 971 1124 1027 Argonautae
1156 971 1424 1028 appulerant
1456 972 1580 1015 sedes

68 1042 320 1097 collocasse,
353 1043 464 1086 alios
497 1046 668 1086 terram
688 1042 922 1098 Illyricam
943 1043 1316 1086 Encheleensibus
1339 1044 1585 1100 proximam

66 1113 264 1170 petiisse,
298 1112 409 1156 alios
441 1113 487 1155 in
516 1113 739 1157 montibus
778 1113 1008 1156 Cerauniis
1042 1113 1263 1156 domicilia
1285 1114 1584 1159 constituisse.

70 1184 181 1227 Tum
212 1188 372 1228 narrat
387 1185 417 1242 ¹)
449 1185 716 1242 Apollonius
750 1185 802 1228 de
835 1200 886 1228 ea
918 1185 1180 1228 Colchorum
1211 1189 1342 1242 parte
1375 1187 1467 1243 qui,
1510 1187 1585 1231 via

69 1271 149 1313 per
183 1256 387 1312 Cyaneas
421 1256 568 1310 sacta,
601 1272 739 1313 usque
771 1257 828 1299 ad
860 1256 1105 1312 Corcyram
1135 1257 1472 1313 pervenissent,
1505 1259 1584 1302 hos

69 1330 191 1371 metu
211 1328 383 1371 Aeetae
416 1333 654 1371 commotos
686 1339 774 1370 non
805 1328 992 1371 rediisse
1025 1328 1102 1371 sed
1132 1329 1252 1371 inter
1278 1329 1502 1374 Phaeacas
1535 1335 1586 1375 ut

71 1398 211 1441 socios
245 1401 453 1455 exceptos
476 1414 586 1452 esse,
619 1399 766 1456 ibique
799 1399 874 1441 diu
895 1399 1122 1442 habitasse
1145 1399 1281 1443 donec
1302 1418 1410 1459 gens
1430 1402 1583 1445 Corin-

69 1468 166 1513 thia
196 1469 547 1512 Bacchiadarum
592 1485 664 1512 eos
710 1470 984 1527 expelleret:
1028 1473 1123 1514 tum
1165 1473 1290 1516 sedes
1332 1474 1377 1516 in
1413 1479 1584 1517 terram

70 1540 369 1583 continentem
400 1541 517 1584 circa
547 1546 718 1585 montes
754 1541 995 1584 Ceraunios
1028 1543 1332 1588 transtulisse.
1405 1545 1586 1590 Adiecit

68 1615 203 1667 poeta
233 1610 404 1664 doctus,

243 1681 353 1724 ἀλλὰ
384 1685 433 1725 τὰ
464 1686 535 1740 μὲν
568 1686 797 1741 στείχοντος
828 1683 929 1741 ἄδην
960 1682 1104 1732 αἰῶνος
1134 1684 1305 1744 ἐτυχθη.

182 1753 237 1797 In
266 1753 334 1796 his
366 1753 679 1810 Apollonianis
728 1753 881 1796 eadem
911 1753 977 1796 bis
1010 1758 1199 1798 narrata
1231 1772 1326 1800 esse
1360 1758 1585 1800 observas.

69 1824 194 1869 Unus
228 1827 298 1868 est
319 1824 537 1868 historiae
561 1825 660 1868 fons
684 1824 862 1868 etiamsi
891 1829 1026 1881 poeta
1047 1825 1157 1868 duos
1181 1825 1445 1871 Colchorum
1467 1843 1590 1871 exer-

71 1898 186 1941 citus
229 1895 496 1940 introduxit.
567 1896 672 1939 Mox
716 1896 831 1940 enim
874 1896 1122 1940 videbimus
1165 1898 1413 1954 primordia
1458 1899 1587 1943 huius

70 1969 308 2013 memoriae
339 1981 366 2010 a
397 1966 613 2011 Corintho
647 1967 934 2025 Corcyraque
980 1969 1174 2026 petenda
1205 1985 1324 2025 esse,
1372 1974 1423 2014 ut
1455 1971 1590 2014 etiam

71 2039 340 2098 Apollonius
382 2039 451 2083 IV
483 2039 595 2081 1209
636 2054 756 2096 seqq.
798 2042 1034 2083 monstrat.
1111 2040 1234 2097 Ergo
1266 2042 1357 2085 ista
1384 2042 1588 2086 narratio

71 2113 125 2156 de
168 2111 342 2156 Colchis
388 2125 469 2167 per
500 2109 709 2153 Histrum
753 2109 810 2152 ad
849 2110 929 2153 has
975 2111 1182 2167 regiones
1222 2113 1587 2170 pervenientibus

69 2184 294 2228 recentior
326 2187 371 2226 et
402 2197 429 2225 a
457 2182 654 2240 pristina
683 2182 876 2226 historia
907 2183 1123 2232 derivata,
1146 2189 1227 2228 est.

185 2255 357 2298 Deinde
387 2270 476 2297 non
505 2254 765 2297 incredibile
789 2257 858 2297 est
881 2255 1108 2298 Timaeum
1139 2255 1307 2314 aliquid
1338 2257 1390 2301 (le
1414 2257 1587 2302 Colchis

71 2327 150 2371 has
181 2327 387 2383 regiones
419 2326 713 2370 incolentibus
746 2325 980 2382 accepisse.
1041 2328 1170 2379 Quod
1189 2329 1376 2372 maxime
1399 2333 1588 2386 apparet

9 2453 14 2458 ·
71 2399 241 2442 duobus
264 2398 531 2442 scholiorum
552 2397 955 2454 Apollonianorum
974 2398 1084 2441 locis
1100 2399 1130 2453 2)
1162 2399 1282 2444 inter
1315 2417 1360 2444 se
1384 2402 1584 2445 collatis:

72 2472 360 2528 Χερσικρὰτης
391 2471 434 2512 δὲ
476 2469 534 2518 εἷς
569 2478 645 2513 τῶν
675 2469 920 2527 Βακχιαδῶν
953 2470 1085 2513 ἔκτισε
1117 2471 1357 2528 Κέρκυραν,
1400 2473 1586 2528 ἐκβαλὼν

76 2545 170 2592 τοὺς
210 2542 461 2591 ἐνοικοῦντας
493 2541 688 2598 Κόλχους
709 2555 717 2563 ·
763 2544 808 2584 et
840 2540 1009 2597 Τίμαιος
1047 2542 1090 2584 δὲ
1120 2558 1218 2601 φησι
1258 2547 1360 2601 μετὰ
1392 2545 1460 2601 ἔτη
1493 2543 1587 2592 ἑξα-

74 2619 193 2658 κόσια
224 2622 299 2657 τῶν
330 2613 521 2670 Τρωικῶν
554 2613 838 2669 Χερσικράτη,
882 2612 1076 2667 ἀπόγονον
1109 2622 1184 2657 τῶν
1216 2615 1473 2672 Βακχιαδῶν,
1507 2614 1585 2657 εἴτε

75 2685 296 2729 ἐκπεσόντα
326 2694 401 2744 τῆς
431 2686 661 2743 Κορίνθου,
695 2684 775 2727 εἴτε
806 2687 877 2727 καὶ
907 2683 1075 2736 ἑκόντα,
1106 2684 1304 2730 ἀπελθεῖν
1336 2687 1400 2728 διὰ
1431 2683 1588 2741 ἀτιμίαν

170 2816 206 2860 1)
231 2814 281 2850 IV
310 2817 401 2858 ‚1206
426 2827 524 2862 seqq.

169 2878 206 2921 2)
231 2877 268 2912 in
293 2877 343 2913 IV
380 2879 482 2923 1212,
521 2881 621 2916 1216.
673 2880 885 2916 Memoriam
921 2880 1119 2926 pleniorem
1154 2877 1386 2914 Florentinae
1420 2875 1590 2913 editionis

74 2938 233 2976 adhibui.
