1839 3265
794 186 1078 227 „60-

177 302 384 352 guantur.
449 299 509 341 Et
543 299 729 354 primum
764 299 1031 356 Apollonius
1065 300 1118 343 iis
1150 301 1257 345 locis
1291 318 1399 359 quos
1432 302 1563 359 paulo
1596 307 1701 346 ante

177 370 432 412 enumeravi
480 386 635 412 nomon
692 371 1014 414 Phaethontem
1058 372 1248 416 retinuit
1292 373 1381 429 (IH
1413 374 1509 427 245,
1556 373 1698 429 1236).

183 442 403 497 Explanut
436 457 539 483 sano
562 443 747 485 Colchos
782 443 861 486 hoc
893 459 1132 499 cognomen
1155 443 1379 488 addidisse
1403 445 1506 502 quia
1523 445 1701 502 Apsyr-

177 518 246 555 tus
281 514 399 556 inter
431 514 611 556 iuvenes
654 513 1069 569 praestantissimus
1114 515 1265 558 fuerit.
1339 516 1520 558 Revera
1551 521 1699 559 autem

179 600 391 641 nus-<piam
426 601 503 641 per
537 576 681 628 totum
715 600 890 627 carmen
937 586 1219 641 praestantia
1261 587 1351 630 ista
1382 588 1527 631 elucet
1558 604 1699 646 neque

175 656 265 698 ulla
297 672 427 698 causa
459 672 508 698 ac
540 657 658 699 ratio
690 657 877 699 nominis
910 662 1100 714 apparet
1131 662 1315 715 practer
1358 659 1553 702 studium
1585 660 1698 704 illud

177 728 405 771 doctrinae
439 729 758 781 ostentandae,
793 729 908 786 quod
940 730 1206 786 Apollonius
1255 747 1428 788 semper
1460 737 1505 775 et
1537 732 1698 790 ubique

176 814 281 855 prae
306 815 352 843 se
376 802 479 843 fert.
523 801 682 858 ltaque
704 817 791 843 non
814 801 958 844 audax
977 805 1047 845 est
1070 802 1290 846 conclusio
1308 803 1419 846 hanc
1435 803 1699 860 appellatio-

174 886 271 912 nem
303 886 354 913 ea
386 887 518 914 causa
551 875 777 915 servatam
810 888 905 915 esse
950 873 1065 930 quod
1108 874 1360 930 superiores
1395 874 1693 919 tradiderant,

172 941 360 984 Accedit
394 943 510 999 quod
542 944 784 987 scholiasta
827 944 948 986 aliud
980 944 1282 988 testimonium
1329 945 1382 988 de
1415 945 1495 988 1100
1525 946 1698 991 nomine

175 1014 374 1068 praebet.
454 1014 598 1057 Schol.
631 1015 716 1072 Ap.
750 1016 834 1058 Rh.
868 1016 938 1057 ΠΙ
974 1017 1083 1057 1236
1128 1017 1186 1058 ὅτι
1218 1016 1461 1073 ὁἍψυρτος
1493 1021 1563 1060 καὶ
1583 1018 1699 1061 Φαὲ-

178 1088 264 1126 ὕων
297 1085 506 1135 ἐκαλεῖτο,
550 1086 605 1134 ὣς
637 1103 734 1143 φησι
765 1087 951 1143 Τιμῶναξ
986 1088 1024 1129 ἐν
1062 1089 1232 1144 δευτέρῳ
1265 1089 1479 1131 Σκυθικῶν
1501 1089 1547 1144 ¹).
1624 1089 1697 1132 Ti—

173 1172 332 1199 monax
375 1158 447 1214 qui
489 1158 628 1200 fuerit
673 1165 718 1201 et
749 1159 921 1214 quando
965 1160 1195 1213 floruerit,
1247 1163 1370 1203 certo
1402 1176 1489 1204 non
1521 1164 1699 1206 constat

171 1244 310 1285 neque
354 1229 447 1271 ulla
493 1229 704 1272 memoria
747 1229 835 1271 nisi
866 1230 912 1271 in
943 1229 1010 1272 his
1055 1230 1233 1273 scholiis
1276 1231 1333 1274 ad
1363 1247 1441 1274 nos
1474 1232 1694 1289 pervenit.

173 1301 294 1343 Haec
325 1304 473 1343 autem
504 1316 643 1357 pauca
675 1301 834 1344 docent
868 1301 1170 1345 Timonactem
1210 1303 1318 1346 duos
1365 1303 1525 1346 saltem
1555 1304 1696 1348 libros

174 1372 245 1425 (cf.
280 1372 413 1414 schol.
447 1373 519 1414 111
552 1374 680 1429 1236)
723 1373 776 1415 de
823 1374 955 1416 rebus
989 1372 1213 1429 Scythicis
1255 1374 1447 1418 edidisse
1495 1379 1541 1419 et
1572 1376 1697 1419 fabu-

171 1444 259 1486 lam
291 1444 644 1500 Argonauticam
675 1445 884 1501 tetigisse
918 1445 988 1501 (cf.
1026 1445 1159 1489 schol.
1193 1446 1261 1490 IV
1293 1447 1436 1504 1217).
1499 1448 1573 1491 Ita
1603 1447 1697 1505 qui-

172 1516 269 1558 dem
300 1517 502 1572 procedit
530 1517 663 1574 (quod
694 1518 995 1573 fragmentum
1025 1517 1173 1561 nobile
1205 1518 1371 1562 scholio
1404 1519 1460 1561 ad
1492 1520 1560 1563 IV
1584 1520 1695 1562 1217

173 1588 394 1631 intextum
427 1588 584 1644 docet),
619 1593 670 1632 ut
700 1590 756 1632 ad
798 1596 946 1632 terras
994 1589 1307 1633 describendas
1340 1593 1386 1634 et
1417 1591 1594 1634 nomina
1625 1608 1696 1635 ex-

170 1660 375 1716 plicanda
407 1661 582 1703 fabulas
616 1662 836 1705 adhibeat.
900 1662 962 1705 Et
993 1661 1039 1703 in
1071 1662 1224 1705 fabula
1243 1663 1556 1719 Argonautica
1577 1667 1695 1708 trac-

172 1733 308 1775 tanda
363 1733 480 1776 viam
525 1734 753 1790 propriam
793 1734 1022 1789 ingressus
1071 1739 1163 1787 est,
1212 1739 1263 1777 ut
1308 1735 1512 1778 Iasonem
1550 1735 1697 1780 Aeeta

172 1805 416 1861 spondente
437 1805 637 1848 Medeam
670 1806 716 1847 in
731 1805 1062 1848 matrimonium
1077 1806 1255 1848 duxisse
1272 1806 1482 1849 referret.
1545 1808 1694 1860 Quare

168 1877 379 1920 memoria
410 1878 527 1934 apud
560 1878 861 1921 Timonactem
893 1878 938 1920 in
969 1878 1037 1920 his
1070 1893 1180 1935 quae
1213 1879 1270 1920 ad
1300 1894 1372 1921 res
1406 1878 1451 1921 in
1484 1878 1692 1923 Colchide

171 1952 322 2005 gestas
355 1949 597 2005 pertinent,
631 1964 656 1992 a
688 1950 863 1993 ratione
896 1966 983 1993 non
1014 1950 1156 1992 solum
1188 1950 1419 2007 Apollonii
1451 1951 1529 1993 sed
1559 1951 1696 1994 etiam

172 2021 445 2077 Pherecydis
479 2021 708 2078 Sophoclis
741 2022 972 2079 Euripidis
1004 2023 1135 2079 plane
1167 2022 1379 2066 distabat.
1451 2023 1547 2065 Iam
1583 2038 1696 2080 quae

171 2092 386 2136 Timonax
429 2093 482 2136 de
514 2093 594 2136 hoc
635 2093 726 2136 filio
758 2094 939 2138 Aeetae,
962 2094 1233 2151 protulerit,
1279 2110 1375 2137 cum
1417 2110 1557 2151 neque
1588 2095 1693 2137 adu-

168 2164 407 2208 lescentem
452 2165 677 2221 fugientes
723 2166 1014 2221 Argonautas
1062 2166 1356 2210 insectantem
1404 2181 1545 2223 neque
1590 2182 1693 2223 pue-

169 2252 267 2278 rum
308 2237 552 2280 crudeliter
591 2237 880 2281 interfectum
911 2238 1152 2294 depingere
1188 2238 1408 2294 potuerit,
1460 2237 1692 2282 nescimus.

170 2309 363 2352 Tantum
395 2309 524 2352 dubio
569 2310 804 2352 obnoxium
834 2318 922 2352 non
953 2313 1046 2363 est,
1093 2310 1360 2366 scriptorem
1404 2325 1555 2353 rerum
1591 2325 1693 2366 geo-

170 2377 483 2433 graphicarum
514 2378 590 2434 qui
621 2395 674 2421 ex
705 2378 946 2435 Apollonio
978 2378 1172 2436 pendere
1217 2379 1293 2422 vix
1339 2381 1492 2435 potest
1536 2394 1694 2422 nomen

171 2448 494 2493 Phaethontem
524 2466 778 2508 usurpasse.

271 2598 304 2639 1)
345 2595 443 2629 Haec
469 2606 539 2629 non
574 2595 779 2640 significare
817 2596 1064 2631 Timonactem
1097 2601 1288 2639 utrumqne
1325 2605 1453 2629 nomen
1492 2604 1690 2639 usurpasse

174 2664 217 2687 ex
243 2664 373 2697 genere
400 2654 540 2689 dicendi
568 2656 603 2688 in
630 2655 778 2690 scholiis
804 2657 940 2691 usitato
979 2656 1068 2690 satis
1095 2660 1260 2700 apparet.
1325 2653 1365 2688 In
1392 2654 1449 2689 his
1476 2654 1569 2689 enim
1597 2652 1647 2688 ὅτι
1673 2654 1690 2688 ὁ

170 2713 341 2761 Ἄψυρτος
368 2716 423 2749 καὶ
450 2714 593 2749 Φαέθων
619 2716 767 2749 ἐκαλεῖτο
795 2718 1002 2761 proprietas
1030 2715 1215 2761 Apollonii
1242 2720 1397 2750 constat.
1457 2714 1690 2759 Comparatio

174 2785 295 2810 verum
322 2787 412 2820 quae
440 2776 556 2811 verbis
591 2776 636 2814 ὥς
664 2789 742 2823 φησι
769 2778 937 2814 instituta
963 2784 1030 2822 est,
1059 2777 1104 2812 ad
1131 2788 1238 2813 unum
1273 2787 1401 2811 nomen
1428 2776 1691 2812 Phaethontem

175 2842 325 2881 spectat.
378 2839 448 2872 Cur
471 2839 582 2882 igitur
595 2838 798 2874 Timonacti
825 2841 933 2875 etiam
953 2838 1261 2886 110111011”Α·Ῑω1ρτος
1282 2837 1465 2873 tribuatur
1483 2848 1593 2873 causa
1619 2849 1689 2873 non

182 2903 310 2934 exstat.
