1839 3265
213 324 263 367 dc
298 325 360 365 his
393 323 645 366 auctoribus
681 321 764 364 dici
788 321 869 363 nisi
894 319 1007 376 quod
1033 318 1150 375 apud
1171 320 1409 373 utrumque
1430 314 1723 371 Argonautae

214 410 289 450 μοι·
327 395 523 436 {listi-nm
570 395 614 435 in
660 409 778 435 mure
822 392 1044 434 internum
1090 388 1392 445 pervenerint.
1468 388 1536 430 De
1577 386 1725 430 Adria

211 465 381 506 «annino
414 481 497 507 non
530 465 692 520 agitur.
768 464 858 505 Usu
891 460 1099 518 loquendi
1144 475 1225 516 per
1265 458 1372 501 duas
1406 456 1720 501 adnotationes

211 537 371 579 colluto
419 537 572 582 statim
618 538 806 592 apparet
852 538 920 591 τὴν
959 533 1158 590 ἡμετέραν
1202 533 1421 574 θάλασσαν
1464 529 1721 573 universum

204 624 328 659 ‚marc
355 609 571 650 internum
594 607 855 663 significare.
923 606 976 648 ln
1007 604 1210 661 opinione
1233 602 1416 659 Scymni
1438 600 1725 658 exprimenda

210 678 314 719 ham·
347 677 537 719 invenis:
572 711 579 719 .
616 711 624 719 .
659 711 666 719 .
699 677 861 719 ἐκεῖθεν
893 677 935 717 δὲ
969 675 1025 723 εἰς
1056 678 1124 731 τὴν
1155 674 1353 732 ἡμετέραν
1376 675 1594 715 θάλασσαν
1625 672 1724 730 ἐλη-

209 750 396 801 λυθέναι,
445 752 536 790 tum
581 749 632 791 de
676 749 898 791 Hecataeo
945 746 1077 790 schol.
1110 746 1178 789 IV
1209 746 1293 787 259
1341 744 1427 787 εἶτα
1468 742 1632 786 ἐκεῖθεν
1671 741 1728 792 εἰς

210 823 273 862 τὸν
296 820 456 869 Νεῖλον,
489 819 586 862 ὅθεν
608 819 663 868 εἰς
685 823 753 875 τὴν
775 819 974 876 ἡμετέραν
998 819 1241 867 &dubiosa-23
1274 815 1462 872 denique
1492 814 1572 856 sub
1593 813 1724 856 finem

211 889 363 931 scholii
395 889 525 932 haec:
559 892 628 931 καὶ
660 892 931 944 βαστάσαντες
973 892 1042 944 τὴν
1074 887 1213 943 Ἀργὼ
1261 885 1318 935 εἰς
1349 888 1393 928 τὸ
1425 885 1620 943 ἡμέτερον
1650 891 1723 930 πέ-

209 962 333 1013 λαγος
363 964 562 1013 γενέσθαι.
635 960 772 1003 Vides
806 959 946 1015 igitur
979 958 1193 1016 quomodo
1238 957 1463 1015 interpres
1495 959 1721 1018 loquatur.

211 1034 423 1076 Diversas
468 1033 563 1075 vias
605 1032 723 1074 inter
768 1032 960 1074 Pontum
991 1030 1212 1073 Euxinum
1257 1032 1302 1073 et
1343 1045 1466 1074 mare
1498 1031 1724 1075 internum
1772 1057 1776 1061 ·

207 1108 400 1157 tractat,
445 1104 510 1146 ita
555 1102 727 1159 quidem
771 1105 821 1144 ut
851 1101 968 1144 viam
1009 1116 1089 1157 per
1121 1101 1469 1157 Propontidem,
1517 1104 1613 1145 tum
1641 1117 1724 1160 per

207 1174 384 1217 Phasim
430 1176 647 1217 Oceanum
693 1173 844 1216 Nilum
889 1172 961 1215 vel
1003 1177 1131 1215 trans
1175 1172 1390 1229 Libyam,
1444 1173 1602 1217 deinde
1643 1189 1725 1231 per

209 1246 390 1288 Tanaim
433 1246 650 1289 Oceanum
693 1243 1124 1302 septemtrionalem,
1175 1244 1363 1301 denique
1405 1260 1486 1301 per
1516 1244 1725 1289 Histrum

207 1317 430 1373 respiciat.
504 1316 719 1369 Quoniam
759 1319 805 1358 et
837 1315 1096 1371 Timagetus
1139 1318 1185 1358 et
1215 1315 1483 1372 Apollonius
1527 1315 1723 1359 reditum

210 1389 254 1430 in
285 1389 489 1432 Histrum
521 1388 762 1441 collocant,
807 1403 894 1430 non
936 1386 1101 1429 iniuria
1133 1386 1241 1430 dicit
1272 1387 1640 1445 scholiographus
1671 1388 1724 1430 il·

206 1460 296 1502 lum
328 1460 426 1503 huic
456 1461 501 1502 in
531 1459 683 1503 fabula
712 1459 939 1501 narranda
970 1458 1230 1515 praeivisse.
1280 1458 1578 1502 Consentiunt
1609 1458 1725 1502 enim

208 1530 252 1572 in
283 1545 331 1572 eo
364 1531 478 1586 quod
508 1545 588 1587 per
610 1530 828 1583 Histrum,
861 1544 949 1572 non
979 1544 1060 1585 per
1090 1529 1270 1572 Phasim
1301 1530 1375 1574 vel
1404 1530 1725 1588 Propontidem

207 1601 278 1645 vel
311 1601 493 1644 Tanaim
523 1601 695 1644 reditus
725 1601 772 1643 in
800 1615 922 1643 mare
954 1600 1180 1643 internum
1210 1601 1276 1644 fit.
1502 1650 1505 1652 ,

321 1672 406 1724 Qui
439 1672 696 1728 Timagetus
730 1672 870 1714 fuerit
901 1671 1162 1728 quandoque
1194 1671 1384 1726 vixerit,
1429 1673 1600 1718 diserte
1630 1679 1725 1718 tra-

208 1743 347 1786 ditum
376 1759 463 1787 non
494 1749 573 1787 est.
635 1744 773 1787 Nemo
805 1750 987 1800 praeter
1028 1744 1197 1787 scholia
1226 1744 1528 1802 Apolloniana
1559 1747 1612 1790 de
1643 1747 1726 1791 hoc

208 1814 426 1870 scriptore
474 1815 687 1858 certiores
734 1830 812 1857 nos
856 1815 964 1858 fecit
979 1814 1021 1870 1).
1099 1815 1309 1872 Apparet
1359 1821 1508 1860 autem
1552 1834 1607 1862 ex
1654 1819 1723 1862 his

208 1887 325 1930 inter
358 1902 403 1930 se
435 1886 700 1943 comparatis
735 1886 1014 1942 Timagetum
1060 1887 1201 1930 libros
1234 1890 1356 1932 certe
1389 1889 1498 1932 duos
1530 1890 1584 1933 de
1614 1891 1724 1934 Por-

208 1960 338 2001 tubus
383 1959 637 2015 scripsisse,
682 1958 728 1999 in
775 1958 931 2014 quibus
973 1957 1026 2000 de
1070 1958 1269 2002 fontibus
1317 1974 1536 2018 cursuque
1573 1962 1727 2006 Histri

211 2030 303 2085 egit
333 2035 465 2087 atque
497 2030 548 2072 de
579 2030 678 2072 lacu
707 2029 875 2072 Celtico
909 2029 983 2086 qui
1013 2044 1172 2087 aquam
1209 2034 1255 2074 et
1290 2031 1337 2074 in
1368 2031 1561 2076 Pontum
1589 2033 1726 2076 Euxi-

207 2116 308 2143 num
348 2105 393 2144 et
423 2102 469 2143 in
515 2100 655 2143 sinum
685 2100 964 2156 Ligusticum
994 2102 1237 2146 emitteret.
1313 2103 1497 2146 Famam
1527 2104 1723 2162 aliquam

208 2171 260 2213 de
299 2172 478 2214 lacubus
509 2171 774 2227 Brigantino
818 2175 864 2216 et
893 2172 1117 2216 Lemanno
1159 2188 1240 2229 per
1273 2189 1381 2230 quos
1413 2175 1576 2218 flumen
1604 2190 1724 2233 mag-

206 2257 306 2283 num
338 2257 511 2284 cursum
541 2245 729 2296 teneret,
763 2243 1022 2300 Timagetus
1046 2243 1108 2286 sic
1139 2244 1360 2300 accepisse
1392 2245 1573 2290 videtur
1595 2247 1725 2303 quasi

210 2327 262 2353 ex
293 2312 441 2355 eodem
471 2313 569 2355 lacu
600 2318 644 2356 et
675 2313 834 2357 Hister
866 2318 911 2358 et
933 2314 1176 2358 Rhodanus
1208 2315 1401 2359 fluerent
1421 2316 1462 2369 2).
1524 2317 1638 2360 Tum
1670 2318 1724 2361 de

307 2431 338 2473 1)
365 2430 480 2465 s0h01.
508 2431 553 2466 ad
579 2432 613 2466 11
640 2435 737 2467 1031.
773 2434 823 2469 IV
849 2437 927 2478 259,
955 2436 1036 2479 284,
1062 2436 1142 2479 306,
1170 2437 1249 2470 324.

305 2491 339 2534 2)
366 2490 431 2526 Th.
458 2491 635 2536 Bergkius
662 2494 808 2537 (Philet.
836 2497 902 2540 30,
929 2497 1008 2530 679.
1052 2494 1179 2540 Opusc.
1207 2496 1342 2532 Philol.
1368 2496 1404 2530 II
1429 2498 1514 2543 754)
1541 2496 1727 2533 contendit

213 2549 448 2595 Timagetum,
475 2558 568 2589 teste
594 2554 706 2589 schol.
732 2555 777 2589 ad
792 2555 841 2589 IV
868 2558 946 2599 259,
974 2556 1138 2591 Rhenum
1165 2562 1201 2592 et
1221 2557 1337 2592 lacum
1352 2557 1605 2602 Brigantinum
1631 2569 1726 2594 eom-

212 2621 439 2648 memorasse.
489 2614 574 2658 Ipsa
606 2615 716 2650 verba
742 2616 959 2652 describam:
994 2618 1071 2652 Der
1106 2618 1269 2654 keltische
1297 2619 1363 2654 See
1386 2620 1433 2655 ist
1457 2620 1642 2656 natm-lictu
1666 2620 1729 2655 der

212 2671 410 2715 Boclensee,
438 2675 593 2709 nachher
616 2677 691 2710 tez'lt
716 2677 790 2711 sich
817 2679 878 2712 der
897 2679 1024 2723 Strom,
1052 2681 1112 2715 der
1139 2682 1215 2715 eine
1226 2682 1315 2716 Arm
1339 2681 1452 2725 fliesst
1476 2682 1536 2716 ins
1560 2681 1727 2717 keltische

213 2730 310 2764 Meer
346 2733 437 2774 (dh.
464 2735 524 2769 cler
550 2736 706 2780 Ehem),
747 2739 807 2772 cler
844 2740 974 2775 andere
1017 2742 1203 2783 (dh-der
1228 2743 1335 2786 Ister)
1375 2744 1415 2777 in
1449 2742 1517 2778 das
1550 2743 1728 2778 schwarze

213 2790 321 2826 Mecr.
372 2796 420 2828 At
452 2795 540 2830 illud
572 2797 724 2832 alterum
756 2798 886 2835 flumen
918 2801 1012 2844 quod
1037 2813 1060 2837 a
1084 2804 1165 2837 lacu
1191 2803 1329 2839 Celtico
1351 2808 1476 2839 manat
1501 2815 1569 2849 pro
1595 2804 1722 2840 Rheno

219 2853 336 2896 accipi
362 2866 431 2890 non
456 2862 585 2901 potest.
655 2859 723 2902 Qui
749 2861 840 2894 enim
866 2861 956 2897 haec
981 2863 1167 2906 explices?
1195 2865 1245 2898 διὰ
1271 2865 1304 2899 δὲ
1330 2865 1450 2900 weron
1476 2869 1536 2900 τοῦ
1563 2865 1728 2912 στόματος

218 2913 351 2948 πλεῦῦαι
378 2917 451 2955 τοὺς
476 2917 696 2965 Ἀργοναύτας
722 2921 777 2954 καὶ
802 2921 907 2956 ἐλθεῖν
933 2924 976 2961 εἰς
1001 2922 1196 2971 Τυρρηνίαν.
1247 2926 1373 2971 Neque
1399 2927 1518 2963 laeum
1541 2927 1723 2973 Briganti-
