1839 3265
821 179 1108 220 -54—

210 299 278 336 est
312 294 380 335 vir
403 294 558 336 doetus
583 293 648 335 his
670 293 777 335 loeis
798 292 1224 336 Commentariorum
1243 294 1296 336 de
1313 294 1440 336 Bello
1460 293 1634 337 Gallico
1650 294 1673 337 I
1689 295 1730 348 8,

208 365 275 406 111
314 366 346 415 1,
382 365 445 406 lV
483 366 546 407 1¹).
612 365 723 407 Nam
766 380 861 407 cum
895 366 1061 407 (faesar
1093 364 1296 407 Rhenum
1344 381 1424 422 per
1467 366 1576 409 fines
1608 365 1727 409 Nan·

211 437 400 479 [uatium
434 437 544 479 ferri
577 437 744 480 dixerit
778 437 861 489 (IV
897 438 992 489 lo),
1040 437 1169 493 plane
1211 437 1267 480 ad
1299 452 1395 481 eam
1426 444 1605 494 gentem
1635 454 1727 482 res-

208 508 313 563 picit
347 508 420 564 qui
452 508 654 562 regiones
690 509 808 551 inter
840 509 982 550 laeum
1005 508 1276 551 Lemannum
1305 513 1351 553 et
1374 525 1564 554 summas
1586 510 1726 567 Alpes

206 577 360 620 incolit
393 577 481 631 (lll
517 576 579 632 1.‘J):
626 578 804 621 videtur
848 578 989 634 igitur
1030 577 1107 621 ille
1138 578 1217 621 hoc
1248 580 1409 622 flumen
1442 580 1558 637 quod
1588 580 1634 623 in
1664 580 1728 623 la-

207 664 301 690 eum
335 648 492 701 influit,
527 649 790 691 Rhodanum
821 664 908 692 non
929 649 1181 706 appellasse
1215 650 1255 705 (l
1276 651 1321 706 8)
1352 666 1493 708 neque
1525 651 1606 695 hoc
1637 651 1727 694 ullo

205 720 330 762 modo
380 720 630 776 respexisse
683 736 778 764 cum
829 721 881 765 de
927 721 1143 765 Rhodano
1185 726 1365 778 ageret:
1422 728 1557 780 atque
1597 723 1728 780 plane

208 795 397 848 apparet
430 791 665 835 Caesarem
711 792 855 850 ipsum
886 793 964 836 has
998 794 1203 850 regiones
1235 810 1473 852 numquam
1504 796 1664 840 visisse
1683 797 1727 852 ¹).

205 863 404 920 Denique
448 864 542 920 ipse
575 864 739 908 Strabo
772 865 839 908 IV
871 866 958 908 207
1004 882 1057 909 ex
1101 882 1185 909 uno
1229 867 1329 910 lacu
1372 882 1530 925 aquam
1572 868 1618 911 in
1648 869 1728 912 Hi-

210 939 353 978 strum
401 939 445 978 et
492 936 537 978 in
583 936 773 979 Adriam
817 938 1039 994 profluere
1083 938 1289 982 tradidit.
1367 939 1476 992 Quis
1515 941 1576 984 sit
1606 941 1728 985 lacus

210 1012 254 1050 et
287 1007 361 1063 qui
393 1008 517 1051 fluvii
548 1012 736 1065 propter
767 1010 1022 1053 memoriam
1055 1012 1293 1053 verborum
1325 1012 1634 1068 imperfectam
1665 1013 1728 1056 in-

207 1086 277 1122 ter
311 1078 432 1122 viros
465 1080 619 1123 doctos
654 1081 870 1125 dissensio
904 1082 1119 1139 quaedam
1152 1086 1234 1126 est.
1295 1084 1363 1127 De
1396 1085 1621 1128 sententia
1652 1085 1728 1128 du-

207 1151 352 1194 bitare
383 1152 618 1195 nonlicet.
693 1153 833 1197 Vides
877 1169 984 1210 ergo
1032 1170 1127 1197 cum
1173 1155 1308 1199 etiam
1352 1155 1516 1200 Strabo
1560 1156 1607 1200 in
1648 1157 1729 1202 hoc

206 1239 369 1278 genere
400 1225 666 1281 peccaverit,
701 1231 914 1283 quantum
946 1227 1144 1271 valuerit
1176 1233 1304 1272 vetus
1339 1245 1480 1272 error.

320 1295 414 1337 Iam
446 1301 569 1339 certa
599 1297 764 1340 mentio
796 1298 943 1341 Rheni
981 1299 1099 1356 apud
1141 1300 1407 1356 scriptorem
1447 1301 1586 1344 ullum
1624 1306 1729 1346 ante

209 1368 497 1424 Apollonium
539 1385 627 1412 non
673 1373 837 1414 exstat.
898 1371 1225 1414 Eratosthenes
1268 1371 1382 1414 enim
1422 1375 1575 1415 utrum
1612 1372 1730 1415 Rhe-

206 1455 309 1482 num
341 1441 694 1485 commemorarit
725 1457 882 1495 necne,
929 1458 1017 1485 non
1062 1447 1252 1486 constat.
1314 1444 1442 1487 Inter
1474 1443 1730 1500 fragmenta

206 1512 503 1568 geographica
536 1529 669 1555 unum
700 1516 877 1556 tantum
918 1514 1034 1570 quod
1066 1515 1123 1557 ad
1153 1515 1264 1558 hanc
1295 1515 1522 1571 regionem
1552 1519 1730 1572 spectat

208 1584 343 1640 (apud
382 1584 618 1627 Caesarem
658 1586 710 1628 de
742 1586 870 1629 Bello
904 1586 1023 1629 Gall.
1057 1587 1126 1630 VI
1157 1588 1229 1642 v24)
1281 1591 1351 1631 est
1401 1588 1454 1631 de
1498 1588 1730 1644 Hercynia

208 1656 280 1698 vel
312 1656 507 1712 Orcynia
541 1657 667 1700 silva.
731 1658 843 1701 Tum
890 1659 1234 1716 descriptionem
1276 1660 1423 1703 Rheni
1463 1676 1594 1717 quam
1622 1660 1728 1704 Am-

205 1728 374 1772 mianus
407 1729 694 1773 Marcellinus
725 1731 815 1774 XV
845 1732 884 1785 4,
918 1732 1081 1789 3seqq.
1129 1732 1264 1776 habet
1295 1733 1352 1775 ad
1379 1733 1729 1776 Eratosthenem

209 1813 303 1840 esse
334 1799 616 1860 referendam
646 1805 769 1844 recte
799 1800 1027 1857 Bergerus
1061 1801 1301 1858 denegavit
1320 1802 1367 1856 ²).
1428 1801 1555 1844 Nihil
1584 1802 1727 1858 igitur

208 1876 414 1926 superest
457 1872 574 1928 quod
609 1877 734 1916 certa
765 1873 941 1917 ratione
973 1874 1166 1931 principi
1195 1874 1554 1931 geographorum
1585 1873 1728 1917 tribui

207 1942 364 1997 possit.
425 1943 583 2000 Itaque
616 1945 662 1987 in
693 1949 823 1989 tanta
854 1946 1147 2003 reliquiarum
1176 1946 1405 2002 paucitate
1437 1951 1596 2003 poetae
1626 1961 1728 2002 gra-

207 2013 315 2055 tiam
346 2014 553 2058 hahemus
596 2017 671 2073 qui
712 2017 968 2060 memoriam
1008 2017 1060 2060 de
1101 2017 1167 2060 his
1208 2017 1465 2073 regionibus
1507 2021 1559 2060 ut
1598 2017 1726 2060 falsis

208 2086 473 2141 permixtam
504 2087 570 2130 ita
591 2091 791 2132 veterem
813 2094 946 2146 atque
969 2089 1241 2145 singularem
1262 2089 1526 2145 prodiderit.
1587 2089 1728 2132 Klau-

208 2172 336 2200 senus
386 2158 560 2214 quidem
606 2159 740 2202 etiam
787 2160 1012 2204 Hecataeo
1072 2160 1233 2203 similia
1284 2160 1511 2204 vindicare
1572 2161 1726 2205 studet

209 2228 360 2283 (Frag.
405 2230 499 2283 22),
548 2231 804 2275 testimonio
845 2233 1010 2275 Avieni
1051 2232 1097 2274 in
1137 2248 1226 2275 vss.
1274 2233 1359 2275 680
1391 2232 1560 2290 seqq.3)
1609 2233 1726 2275 Orae

177 2299 455 2355 ,maritimae
494 2301 629 2344 nisus.
692 2303 988 2356 Quamobrem
1025 2318 1158 2360 ‚quam
1199 2304 1398 2346 tabulam
1431 2303 1552 2346 orbis
1582 2308 1727 2350 terra-

207 2384 305 2411 rum
336 2370 391 2412 ad
423 2372 649 2428 opiniones
667 2375 883 2418 Hecataei
904 2375 1156 2432 descripsit,
1189 2375 1252 2418 sic
1273 2375 1581 2419 conformavit.
1616 2375 1728 2418 Tum

212 2440 398 2485 Vossius
422 2446 475 2496 ⁴¹),
521 2444 627 2488 item
670 2446 750 2489 hos
793 2447 959 2490 Avieni
1003 2462 1160 2491 versus
1207 2450 1436 2501 tractans,
1483 2447 1725 2503 Aeschylo,

305 2635 339 2677 1)
367 2633 418 2669 Cf.
449 2634 707 2673 Mommsenum
733 2638 874 2675 ibidem.

301 2697 337 2739 2)
363 2695 464 2731 Erat.
493 2697 598 2742 Frag.
624 2701 689 2734 361
711 2711 808 2745 seqq.
861 2702 919 2737 Sic
957 2702 1066 2737 etia-m
1092 2701 1333 2736 Mommsenus
1360 2700 1516 2736 Hermae
1541 2700 1611 2736 vol.
1638 2701 1724 2737 XVI

206 2765 287 2800 pag.
316 2759 394 2792 621.

304 2819 338 2861 3)
366 2817 473 2862 Apud
498 2819 705 2856 Holderum.

303 2880 338 2921 4)
365 2879 460 2913 Krit.
487 2880 628 2916 Βιᾱττεν
653 2883 686 2916 11
713 2885 792 2928 390,
818 2886 897 2919 417.
