1898 3291
775 178 1054 220 —oo—

153 286 440 345 Apollonium
473 289 733 347 scriptorem
767 292 903 335 ullum
935 293 1190 338 adhibuisse
1225 295 1318 339 iure
1351 297 1559 353 denegari
1593 314 1664 354 po-

154 363 258 403 test.
320 360 515 403 Primum
547 368 693 406 autem
737 366 994 407 monendum
1028 372 1096 409 est
1128 368 1316 423 plurima
1359 385 1469 425 quae
1510 370 1551 411 in
1598 370 1664 412 his

153 429 320 474 fabulis
361 430 414 474 de
445 431 725 488 Argonautis
766 435 936 478 tradita
975 441 1080 478 sunt
1122 437 1273 493 procul
1321 438 1475 491 dubio,
1520 439 1584 481 ita
1617 444 1666 481 ut

152 501 198 545 in
229 501 510 547 Bibliotheca
540 504 824 561 Apollodori,
871 523 923 550 cx
964 508 1155 551 carmine
1187 509 1414 565 Apollonii
1450 526 1664 553 manasse.

153 572 290 618 Cuius
320 575 386 618 rei
426 577 622 633 exemplo
664 583 768 621 sunt
809 594 919 635 quae
954 579 1006 622 de
1039 580 1160 636 Hyla
1205 586 1355 637 rapto,
1405 581 1456 623 de
1490 581 1663 638 Tiphys:

151 647 198 688 et
213 645 395 689 Idmone
427 647 544 704 apud
567 647 749 705 Lycum,
784 649 967 693 Eribote
995 655 1039 693 et
1055 650 1225 693 cantho
1250 651 1293 693 in
1318 651 1460 708 Libya
1484 653 1664 695 morien—

151 715 274 759 tibus
307 717 503 774 (fab.14>
536 720 679 762 relata
712 724 835 773 sunt,
881 726 972 763 tum
1006 722 1282 778 potissimum
1315 724 1662 778 fab.16,l7,18‚

151 788 220 842 20,
239 789 307 844 21,
325 790 394 833 22.
455 791 627 834 Deinde
650 793 737 834 fab.
756 793 810 834 23
839 793 971 835 etiam
1004 793 1047 834 in
1080 793 1268 848 singulis
1293 795 1486 850 vestigia
1508 800 1663 852 poetae

151 860 311 918 aperit.
385 861 600 906 Conferas
633 863 795 906 ibidem
841 878 882 906 se
913 865 1086 907 iadicem
1116 871 1321 919 semeptum
1352 882 1375 908 a
1410 868 1569 909 duabus
1601 868 1663 908 ‹li-

150 934 283 976 versis
313 935 562 987 civitatibus,
596 936 706 977 inter
743 936 914 978 Colchos
944 941 979 977 et
1012 937 1194 991 Aryivos
1226 953 1320 980 cum
1345 938 1664 994 Argonauticis

151 1004 221 1049 IV
245 1005 358 1048 1074
376 1021 496 1064 seqq.
539 1006 626 1050 Sed
644 1007 839 1050 fortasse
864 1008 1164 1064 interrogabis
1188 1009 1260 1066 qui
1285 1010 1587 1066 explicandum
1607 1011 1667 1053 sit

151 1076 268 1134 quod
299 1076 342 1119 in
374 1078 598 1121 nonnullis
623 1079 792 1121 distent
814 1080 1074 1136 compilator
1097 1085 1141 1123 et
1163 1086 1307 1137 poeta.
1364 1082 1503 1125 Credo
1528 1082 1660 1125 etiam

151 1149 230 1192 hoc
261 1165 348 1192 non
379 1165 476 1193 esse
507 1150 830 1207 inexplicabile.
906 1151 1018 1194 Nam
1062 1152 1457 1196 animadvertimus
1504 1154 1660 1210 compi-

150 1221 339 1264 latorem
370 1222 605 1265 historiam
638 1223 689 1265 de
721 1223 882 1265 itinere
913 1238 992 1279 per
1011 1223 1217 1265 Histrum
1248 1224 1366 1267 facto
1389 1240 1571 1281 prorsus
1593 1240 1665 1268 ne-

151 1293 365 1349 glexisse:
396 1294 577 1337 eandem
600 1294 802 1337 eonditor
817 1295 1122 1338 Bibliothecae
1146 1295 1324 1339 silentio
1346 1297 1661 1353 praetermisit,

149 1370 298 1409 tamen
329 1365 524 1421 vestigia
568 1365 786 1423 pristinae
833 1367 1106 1409 narrationis
1148 1383 1232 1409 non
1263 1368 1440 1424 penitus
1483 1368 1662 1411 delevit.

151 1437 410 1495 Opinionem
452 1438 526 1480 diu
568 1438 882 1495 pervulgatam
924 1439 976 1481 de
1009 1438 1167 1481 Histro
1210 1440 1342 1482 etiam
1373 1439 1559 1482 Adriam
1592 1455 1662 1496 pc-

150 1514 272 1553 tente.
327 1510 396 1553 his
448 1510 700 1553 recentibus
745 1511 1017 1567 temporibus
1072 1511 1229 1568 quibus
1275 1512 1444 1568 Hygini
1485 1513 1662 1555 fabulae

150 1587 276 1624 ortae
307 1585 429 1636 sunt,
463 1597 560 1625 esse
592 1582 828 1633 abiectam,
869 1582 981 1625 satis
1014 1587 1201 1625 constat.
1265 1583 1313 1626 Si
1344 1584 1485 1639 igitur
1517 1584 1659 1627 animo

148 1653 438 1697 informamus
470 1654 807 1709 grammaticum
840 1654 1070 1711 discipulis
1112 1655 1342 1698 historiam
1375 1671 1557 1699 narrare
1590 1671 1661 1698 ve-

149 1725 288 1769 luisse
329 1725 396 1769 ita
440 1730 491 1768 ut
536 1729 582 1769 et
612 1725 898 1782 Apollonium
943 1730 1204 1783 sequeretur
1250 1731 1294 1769 et
1334 1727 1517 1770 veritati
1558 1731 1663 1770 tune

149 1797 365 1855 temporis
395 1798 469 1841 vel
499 1798 652 1855 pueris
683 1802 815 1841 notae
849 1798 961 1841 satis
994 1799 1175 1851 faceret,
1215 1799 1348 1842 aliter
1380 1799 1455 1841 vix
1485 1803 1663 1856 poterat

148 1884 242 1913 rem
284 1869 523 1913 instituere
570 1873 704 1927 atque
751 1869 918 1912 factum
965 1870 1166 1913 videmus
1208 1870 1254 1913 in
1293 1871 1447 1914 fabula
1478 1871 1663 1927 Hygini.

148 1942 308 1999 Itaque
340 1941 525 1985 mirifica
556 1957 706 1985 eorum
739 1941 941 1998 opinione
981 1941 1319 1998 supersedemus
1364 1942 1436 1999 qui
1481 1942 1663 1999 scripto-

151 2029 246 2057 rem
289 2013 480 2071 aliquem
521 2013 762 2071 Apollonio
807 2013 1076 2070 superiorem
1118 2029 1168 2056 ea
1210 2029 1320 2071 quae
1351 2014 1523 2070 Hygini
1566 2030 1663 2070 pro-

149 2086 249 2144 pria
288 2091 393 2130 sunt
436 2086 682 2143 protulisse
722 2086 1007 2128 contendunt.
1068 2086 1184 2129 Nam
1227 2086 1341 2143 quod
1372 2086 1662 2141 Argonautae

148 2157 346 2215 Corcyra
383 2158 542 2201 relicta
573 2157 631 2201 ad
663 2157 1005 2214 septemtriones
1038 2172 1214 2200 cursum
1245 2157 1446 2212 dirigunt
1476 2172 1659 2213 prorsus

148 2229 352 2275 mirabile
395 2233 490 2282 est,
541 2245 683 2286 neque
727 2229 835 2272 alibi
877 2229 1102 2286 reperitur
1132 2244 1272 2286 neque
1311 2244 1485 2272 causam
1516 2244 1565 2271 ac
1596 2243 1664 2271 ra-

147 2300 311 2344 tionem
353 2301 488 2344 ullam
530 2301 678 2344 habet.
750 2300 912 2354 Qualia
959 2316 1054 2344 cum
1086 2301 1202 2357 apud
1235 2300 1462 2356 Hyginum
1505 2315 1662 2342 revera

148 2372 402 2425 tradantur,
434 2372 717 2415 iudicandum
745 2376 815 2414 est
840 2372 1015 2427 ingenio
1039 2372 1179 2427 magis
1201 2371 1500 2427 compilatoris
1534 2386 1661 2427 quain

148 2436 308 2499 poetae
341 2442 504 2486 nobilis
538 2443 700 2486 deberi.
764 2443 903 2486 Vides
935 2442 1076 2498 igitur
1107 2457 1186 2484 nos
1218 2457 1271 2483 ne
1304 2457 1356 2483 ex
1387 2441 1454 2482 his
1488 2440 1660 2496 quidem

151 2513 204 2558 de
235 2514 468 2571 Apollonii
499 2514 698 2558 fontibus
731 2514 967 2572 quidquam
1000 2513 1230 2569 comperiri
1259 2528 1401 2569 posse.
