1839 3265
183 291 325 334 omnia
371 308 479 349 quae
529 292 789 349 Apollonius
837 294 890 337 de
934 295 1065 338 caede
1109 295 1201 338 eius
1251 295 1295 338 in
1337 295 1482 339 insula
1523 295 1701 353 profert

179 364 428 407 necessario
472 365 755 409 omittuntur.
820 369 966 423 Atque
1012 384 1107 410 cum
1151 368 1229 410 illa
1261 369 1314 412 de
1352 368 1526 412 Colchis
1559 368 1605 411 in
1636 369 1699 411 in-

177 434 285 476 sulis
320 434 436 477 circa
468 435 675 491 illyriam
708 440 753 479 et
787 436 1030 479 Ceraunios
1080 442 1252 481 montes
1299 438 1521 482 domicilia
1568 438 1700 481 eollo-

175 505 378 548 cantibus
412 506 676 563 cmnpilator
708 508 1077 564 praetermittere
1111 509 1266 562 nollet,
1300 525 1392 553 rem
1425 516 1517 554 tam
1550 510 1696 554 brevi-

177 581 249 620 ter
282 576 616 634 comprehendit
635 581 659 632 ¹)
692 585 742 622 ut
775 580 921 623 oratio
954 596 1110 637 parum
1143 584 1350 624 accurate
1383 582 1533 625 verbis
1566 580 1698 639 Apol-

175 649 366 692 lonianis
389 650 672 706 respondeat.
715 651 830 695 Sunt
863 652 1004 709 igitur
1037 653 1082 695 in
1114 653 1180 696 his
1215 668 1326 710 quae
1358 653 1411 697 de
1444 654 1594 697 reditu
1628 654 1699 697 he·

178 736 303 763 roum
336 722 718 766 afferuntur·sane
741 723 869 766 varia
892 739 942 766 ac
966 723 1213 778 dissimilia,
1249 724 1327 768 sed
1358 725 1467 768 adeo
1501 725 1547 767 in
1566 740 1700 767 unum

177 792 361 835 redacta
378 796 429 836 ut
441 793 582 837 totius
601 794 875 837 narrationis
895 795 1231 839 fundamentum
1253 811 1430 839 carmen
1441 795 1698 854 Apollonia-

175 881 278 908 num
300 865 452 910 fuerit.
514 866 635 909 Illud
666 867 860 911 alterum
892 868 944 911 de
964 871 1168 925 Apsyrto
1188 869 1338 912 Tomis
1370 869 1545 926 sepulto
1578 868 1696 912 haud

176 937 407 995 probabile
441 941 510 982 est
542 943 701 996 poetae
732 940 871 983 nobili
903 941 976 984 vel
1004 941 1178 998 tragico
1226 941 1299 985 vel
1329 942 1524 999 elegiaco
1556 941 1700 986 tribui

179 1025 322 1067 posse,
356 1026 451 1053 eum
484 1012 626 1055 solum
656 1013 953 1071 veriloquium
986 1015 1137 1072 oppidi
1168 1015 1394 1072 respiciat.
1439 1015 1507 1058 De
1539 1014 1698 1072 quibus

177 1086 281 1126 utut
313 1083 494 1138 iudicas,
526 1084 638 1127 nihil
671 1085 728 1128 ad
749 1086 978 1143 Apollonii
1009 1087 1157 1131 fontes
1190 1087 1453 1144 aperiendos
1487 1087 1696 1131 efficitur.

292 1156 388 1198 Iam
420 1156 477 1199 ad
498 1157 671 1214 Hygini
696 1158 895 1201 fabulam
917 1159 972 1201 23
995 1159 1325 1215 aggrediamur,
1358 1159 1403 1202 in
1431 1175 1518 1217 qua
1548 1158 1702 1203 multis

177 1227 222 1270 in
255 1230 387 1273 rebus
419 1229 556 1272 mirus
589 1244 685 1272 cum
703 1230 1015 1287 Apollonianis
1052 1247 1291 1275 consensus
1324 1235 1407 1275 est.
1451 1232 1702 1290 Appellunt

178 1301 292 1344 enim
323 1317 460 1345 naves
493 1317 589 1345 cum
620 1302 886 1359 fugientium
918 1307 1013 1347 turn
1044 1306 1408 1362 persequentium
1441 1305 1497 1348 ad
1522 1305 1702 1349 Alcinoi

177 1375 352 1429 urbem,
397 1375 473 1432 qui
515 1375 686 1418 arbiter
726 1375 823 1419 litis
865 1377 1168 1421 constituitur.
1231 1377 1343 1420 Tum
1375 1378 1545 1421 Aretae
1577 1377 1701 1421 calli-

179 1446 322 1490 ditate
354 1447 523 1505 nuptiis
553 1447 730 1491 Iasonis
763 1452 809 1491 et
840 1448 1022 1493 Medeae
1054 1448 1224 1493 occulte
1257 1450 1449 1503 effectis,
1481 1448 1699 1493 Alcinous

178 1520 378 1576 proximo
402 1521 472 1563 die
494 1519 695 1564 Medeam
718 1520 894 1565 Colchis
925 1537 1011 1565 non
1044 1537 1141 1566 esse
1173 1522 1438 1566 tradendam
1471 1522 1699 1567 diiudicat.

177 1588 266 1632 Sed
296 1591 499 1634 narratio
531 1591 704 1649 Hygini
743 1607 793 1636 eo
826 1592 1052 1651 discrepat
1084 1593 1200 1651 quod
1221 1593 1454 1651 Apsyrtus
1488 1593 1577 1636 dux
1601 1592 1699 1636 Col-

179 1661 358 1705 chorum
400 1663 590 1707 arbitrio
632 1664 753 1721 regis
796 1665 1000 1722 neglecto
1031 1665 1323 1722 Argonautas
1361 1681 1501 1724 usque
1532 1665 1591 1710 ad
1619 1665 1700 1709 Mi·

175 1750 339 1779 nervae
370 1735 563 1780 insulam
594 1737 843 1781 insectatur
874 1739 1024 1795 ibique
1055 1738 1339 1782 interficitur.
1399 1738 1572 1782 Deinde
1603 1753 1700 1782 cum

177 1805 445 1862 Apollonius
477 1806 586 1849 duos
619 1806 863 1850 Cochorum
896 1808 1139 1863 exercitus,
1173 1824 1358 1866 quorum
1389 1808 1578 1852 alterius
1610 1808 1699 1852 dux

179 1877 412 1934 Apsyrtus
446 1881 533 1932 est,
568 1881 613 1922 et
644 1878 732 1922 iter
763 1895 843 1937 per
873 1879 1080 1923 Histrum
1112 1881 1278 1924 factum
1309 1880 1496 1935 habeat,
1542 1880 1702 1938 compi-

176 1947 296 1991 lator
326 1948 505 1993 fabulae
536 1965 670 1993 unum
702 1951 957 2007 exercitum,
991 1952 1060 1995 cui
1082 1952 1316 2010 Apsyrtus
1344 1957 1538 2011 praeest,
1571 1953 1698 1998 novit

176 2033 317 2076 neque
362 2019 600 2077 quidquam
643 2021 696 2065 de
739 2021 912 2065 reditus
958 2022 1132 2066 ratione
1175 2023 1363 2080 profert.
1433 2023 1698 2076 Quaerimus

179 2090 322 2146 igitur
351 2096 502 2135 utrum
534 2093 580 2135 in
612 2093 681 2137 his
703 2094 846 2138 forma
868 2094 1047 2139 fabulae
1070 2095 1325 2152 ceteroquin
1357 2095 1514 2152 ignota
1541 2096 1699 2150 lateat,

175 2162 249 2206 vel
280 2163 475 2207 fortasse
508 2168 560 2207 ut
593 2164 860 2210 Welckerus
894 2167 1081 2210 coniecit
1102 2167 1134 2223 2)
1177 2172 1484 2224 argumentum
1527 2171 1703 2224 tragoe-

177 2234 275 2278 diae
318 2235 582 2293 cuiuspiam,
622 2237 777 2295 utique
822 2238 1030 2282 memoria
1061 2238 1300 2296 Apollonio
1343 2239 1520 2297 quidem
1549 2244 1702 2284 vetus-

175 2306 288 2360 tior,
337 2323 392 2350 an
425 2313 581 2352 contra
613 2314 822 2367 excerpta
853 2326 880 2353 a
910 2310 1199 2366 grammatico
1232 2311 1354 2355 facta
1385 2326 1497 2369 quae
1528 2311 1698 2354 nullum

178 2376 314 2419 alium
358 2378 525 2421 fontem
569 2383 704 2437 atque
749 2396 925 2424 carmen
956 2380 1303 2438 Apollonianum
1342 2381 1551 2425 habeant.
1611 2381 1701 2425 Sed

181 2464 252 2492 res
284 2465 371 2492 non
402 2455 494 2494 tam
538 2453 768 2496 recondita
800 2457 871 2496 est
901 2458 953 2496 ut
983 2468 1063 2496 nos
1107 2453 1182 2496 diu
1214 2457 1364 2509 vexet,
1412 2454 1617 2512 quoniam
1649 2469 1702 2498 ex

177 2520 353 2566 indiciis
386 2538 498 2580 quae
529 2525 668 2569 verba
699 2525 798 2583 ipsa
819 2526 1121 2584 suppeditant,
1155 2526 1485 2583 compilatorem
1515 2529 1701 2584 praeter

277 2715 311 2759 1)
347 2714 388 2749 In
422 2715 479 2750 his
514 2720 582 2750 τῶν
616 2717 651 2751 δὲ
678 2716 827 2765 Κόλχων
862 2720 923 2766 τὴν
957 2723 1036 2754 ναῦν
1069 2719 1172 2766 εὑρεῖν
1200 2720 1246 2766 μὴ
1274 2719 1466 2766 δυναμένων
1492 2719 1521 2754 οἱ
1548 2720 1607 2766 μὲν
1632 2725 1701 2759 τοῖς

182 2769 375 2821 Κεραυνίοις
401 2777 489 2824 ὄρεσι
513 2778 730 2827 παρῴκησαν,
759 2781 788 2815 οἱ
806 2781 840 2814 δὲ
857 2781 900 2819 εἰς
918 2783 979 2829 τὴν
998 2781 1159 2828 Ἰλλυρίδα
1185 2781 1397 2828 κομισθέντες
1423 2782 1552 2817 ἔκτισαν
1573 2782 1701 2830 Ἀψυρ-

174 2836 265 2875 τίδας
291 2839 409 2885 νήσους
435 2853 504 2876 κτε.
1651 2844 1671 2847 ῌ

266 2900 302 2944 2)
329 2900 390 2936 Gr.
417 2901 526 2948 Trag.
554 2904 630 2939 339
658 2914 731 2950 seq.
