1898 3291
688 211 971 255 *29*

361 287 383 303 a

71 325 296 371 macheum
331 325 376 370 in
409 325 572 382 hymno
596 325 641 367 in
661 326 834 379 Delum,
868 327 942 370 ubi
964 327 1100 383 Δῆλος
1131 327 1257 369 modo
1291 325 1437 369 insula
1465 325 1592 369 modo

72 397 156 443 dea
186 398 316 453 estl).
388 398 549 454 ltaque
594 397 798 453 quonia-m
843 403 976 454 poeta
1018 398 1242 454 Aegleten
1287 403 1333 441 et
1376 398 1595 454 Anaphen

73 469 346 514 consociavit
379 472 424 513 et
456 469 789 526 aequiperavit,
837 485 923 512 non
963 469 1117 512 dubito
1159 470 1263 526 quin
1295 470 1481 526 Anaphe
1513 486 1594 526 pro

74 541 158 586 dea
198 541 272 585 vel
313 541 510 598 nympha
553 541 724 584 insulae
768 542 1023 598 accipienda
1054 541 1126 585 sit.
1189 542 1283 584 lam
1315 543 1480 585 »Strabo
1513 558 1592 585 nos

75 612 292 656 certiores
336 612 446 655 facit
488 611 534 654 in
564 612 644 655 hoc
675 627 810 655 versu
839 612 1094 656 memoriam
1126 628 1329 656 errorum
1359 612 1594 668 Argonau-

75 683 266 728 ticarum
296 684 454 727 latere.
515 683 658 727 Poeta
700 687 849 728 autem
888 684 1123 728 historiam
1166 683 1380 727 indicavit
1419 687 1596 727 tantum

75 771 126 800 ac
155 756 440 814 perstrinxit,
474 759 608 813 atque
640 757 923 813 geographus
957 757 1084 814 quasi
1116 757 1172 799 ad
1202 772 1295 800 rem
1327 756 1491 799 clarius
1525 756 1596 799 de-

76 826 331 870 clarandam
362 827 476 869 illud
507 827 757 880 distichum,
802 828 916 871 unde
948 832 1190 885 appareret
1223 827 1274 870 de
1306 827 1462 884 quibus
1497 842 1596 883 age-

75 902 217 953 retur,
252 899 409 943 statim
440 899 627 942 addidit.
690 899 813 956 Ergo
845 915 986 957 neque
1018 915 1177 943 versus
1209 899 1304 956 ipse
1335 914 1475 956 neque
1498 914 1595 942 ver-

74 973 232 1015 borum
263 974 498 1015 contextus
530 975 709 1028 poetam
755 971 867 1014 hanc
896 971 1132 1015 historiam
1163 971 1411 1014 fabulosam
1442 971 1596 1014 multis

75 1043 227 1088 verbis
260 1058 443 1086 ornasse
475 1047 554 1087 aut
585 1059 665 1100 per
698 1043 875 1099 singula
896 1048 1178 1100 persecutum
1201 1058 1297 1085 esse
1318 1043 1538 1099 patefacit
1552 1043 1596 1097 2).

192 1116 322 1159 Nunc
352 1115 546 1158 alterum
576 1116 879 1171 fragmentum
924 1116 1040 1173 quod
1071 1119 1141 1159 est
1172 1115 1225 1158 de
1259 1115 1432 1158 Colchis
1464 1115 1598 1171 inspi-

77 1188 278 1232 ciendum
309 1190 399 1231 est:

253 1259 353 1302 Τότε
387 1261 430 1301 δὲ
461 1263 552 1316 περὶ
583 1267 657 1302 τῶν
689 1260 867 1317 Κόλχων

310 1330 346 1374 οἱ
378 1336 448 1388 μὲν
480 1331 540 1374 ἐπ’
572 1332 817 1387 Ἰλλυρικοῖο
855 1336 979 1387 πόρου
1019 1335 1275 1388 opizone-2122
1317 1330 1464 1387 ἐρετμὰ
1511 1347 1594 1373 xrs.

77 1403 250 1447 Iterum
290 1403 466 1460 quidem
506 1403 671 1447 Strabo
719 1404 776 1446 ad
809 1403 1124 1446 Callimachum
1154 1406 1372 1459 provocat
1405 1402 1463 1458 (V
1487 1403 1601 1459 216),

79 1476 245 1520 eisdem
262 1476 466 1520 versibus
490 1476 657 1530 allatis,
690 1476 766 1519 ubi
786 1476 839 1519 de
856 1476 978 1519 Polis
1011 1475 1201 1518 conditis
1236 1475 1410 1531 agitur:
1453 1479 1601 1532 κτίσμα

79 1548 112 1591 δ’
155 1548 237 1591 ἐστι
280 1547 454 1605 ἀρχαῖον
496 1548 674 1605 Κόλχων
723 1556 799 1590 τῶν
841 1547 904 1590 ἐπὶ
943 1551 1014 1604 τὴν
1053 1548 1236 1604 Μήδειαν
1281 1547 1598 1606 ἐκπεμφθέντων

83 1620 380 1675 διαμαρτόντων
413 1620 456 1660 δὲ
490 1628 563 1677 τῆς
594 1620 781 1676 πράξεως
813 1623 883 1662 καὶ
912 1623 1188 1673 καταγνόντων
1222 1619 1373 1661 ἑαυτῶν
1404 1624 1555 1677 φυγήν·

89 1744 92 1746 v
288 1693 332 1733 τὸ
365 1694 435 1747 μὲν
467 1691 670 1745 Φυγάδων
703 1694 773 1747 μὲν
806 1690 955 1733 ἐνίσποι
987 1706 1067 1733 me.

82 1762 242 1820 Itaque
274 1777 382 1820 quas
415 1778 488 1806 res
519 1763 566 1805 hi
595 1778 750 1806 versus
783 1763 1034 1816 illustrent,
1069 1762 1248 1805 dubium
1278 1778 1366 1805 non
1398 1766 1479 1806 est.
1519 1763 1606 1806 Ve-

81 1834 220 1891 stigia
251 1834 365 1878 enim
398 1834 662 1877 Colchorum
706 1834 883 1878 frustra
912 1834 1204 1891 Argonautas
1242 1835 1604 1891 persequentium

81 1906 217 1950 etiam
247 1905 293 1948 in
320 1905 477 1949 intimo
507 1906 679 1949 Adriae
712 1906 811 1949 sinu
840 1909 1164 1949 monstrantur.

195 1977 291 2020 Iam
321 1978 464 2035 primo
498 1979 660 2021 obtutu
690 1977 996 2021 testimonium
1018 1977 1254 2021 Strabonis
1288 1977 1603 2021 Schneiderum

84 2049 160 2107 qui
189 2049 419 2093 contendit
451 2065 547 2092 cum
581 2049 897 2092 Callimachum
928 2052 1024 2092 tum
1054 2049 1343 2106 Apollonium
1373 2064 1505 2092 unam
1535 2064 1605 2092 ra-

82 2122 250 2166 tionem
291 2121 338 2165 in
375 2121 527 2165 reditu
558 2121 808 2165 enarrando
841 2125 1017 2165 secutos
1051 2137 1168 2176 esse,
1219 2121 1347 2165 valde
1390 2121 1605 2166 adjuvare

182 2312 217 2356 1)
243 2310 295 2346 Cf.
322 2322 372 2347 vs.
399 2313 504 2348 4—6.

181 2375 218 2416 2)
245 2373 364 2417 Quare
389 2373 590 2418 disputatio
611 2374 789 2409 Knaackii
815 2373 1077 2417 (Callimachea
1102 2383 1208 2418 pagg.
1241 2375 1358 2418 1-5)‚
1395 2373 1455 2417 qui
1481 2383 1606 2407 narra—

84 2434 282 2470 tiunculam
315 2435 470 2471 Cononis
509 2435 730 2470 Callimacho
771 2435 958 2479 attribuit,
998 2434 1189 2470 admodum
1227 2434 1478 2479 improbabilis
1517 2434 1604 2468 mihi

84 2495 238 2531 videtur.
275 2495 368 2532 Nam
389 2497 454 2532 illa
479 2503 566 2533 nota
591 2509 611 2534 e
630 2508 700 2543 qua
718 2497 962 2533 Callimachea
979 2497 1147 2541 cognosci
1172 2501 1343 2542 poterant
1369 2497 1445 2532 scil.
1472 2497 1605 2531 mentio

85 2558 258 2603 Anaphes
284 2558 480 2604 nymphae,
519 2559 655 2595 Cononi
682 2559 796 2595 deest.
851 2559 952 2603 Quod
980 2564 1107 2594 contra
1133 2563 1320 2593 narratum
1346 2563 1403 2593 est
1428 2558 1606 2602 Anaphen

85 2630 200 2666 prope
226 2620 384 2656 Theram
409 2621 548 2666 iacere,
582 2621 619 2657 id
654 2621 720 2656 tali
753 2620 858 2655 modo
893 2631 1057 2665 premere
1088 2631 1160 2655 non
1192 2621 1286 2655 licet.
1353 2620 1445 2654 Nam
1472 2619 1605 2654 mentio

87 2681 184 2727 apud
210 2682 413 2727 Cononem,
450 2694 522 2728 qua
547 2683 701 2718 maxime
727 2682 936 2718 Knaackius
962 2683 1103 2726 nititur,
1144 2692 1188 2717 ex
1222 2682 1303 2727 ipso
1338 2681 1498 2716 locorum
1533 2681 1606 2716 situ

87 2743 278 2789 explanari
311 2749 444 2790 potest.
500 2744 609 2781 Vides
644 2745 753 2780 etiam
791 2744 1006 2780 Strabonem
1041 2744 1089 2789 (X
1114 2745 1199 2788 484)
1237 2743 1326 2778 duas
1364 2742 1501 2777 insulas
1537 2753 1610 2777 una

88 2815 396 2857 commemorasse.
454 2806 571 2842 Nimis
604 2806 760 2842 confisus
797 2811 852 2842 est
877 2807 1086 2842 Knaackius
1123 2806 1266 2841 silentio
1300 2809 1609 2840 monumentorum

88 2877 203 2912 neque
239 2867 272 2903 ei
306 2869 546 2905 concesserim
580 2880 624 2905 ex
652 2868 867 2914 Apollodori
893 2868 1120 2905 Bibliotheca
1154 2871 1402 2912 argumentum
1440 2866 1611 2902 carminis

89 2929 324 2966 Callimachei
350 2934 425 2966 tam
450 2929 559 2968 facile
583 2931 662 2968 erui
687 2942 805 2977 posse.
