1898 3291
83 311 307 354 Eridanus
340 311 412 355 vel
442 310 630 367 Padus),
664 312 803 354 tertia
833 313 1048 355 Oceanum
1083 317 1219 369 petat.
1282 315 1376 356 Hm:
1409 314 1591 357 tortium

83 382 344 436 bracehium,
379 382 418 425 si
443 382 683 425 Rhodanus
716 384 770 425 ab
804 383 1027 426 occidente
1061 385 1169 437 fluit,
1203 385 1247 426 in
1279 389 1493 427 (hennum
1528 401 1590 426 se-

82 454 442 512 ptemtrionalem
484 454 749 498 descendere
781 455 1031 498 necessario
1076 456 1382 498 cont-lucinum.
1446 457 1593 512 Atque

82 526 204 570 lacus
236 526 318 581 illi,
351 526 396 568 in
422 542 529 583 quos
552 527 694 583 primo
717 527 872 570 heroes
897 543 1070 570 cursum
1094 528 1305 583 dirigunt,
1339 532 1441 570 sunt
1474 527 1598 584 quasi

82 613 188 656 pars
221 598 391 642 brachii
421 598 562 653 tertii,
597 603 646 641 ut
679 599 812 642 etiam
845 615 897 641 ex
929 599 1130 642 versibus
1164 601 1246 641 (534
1279 617 1366 656 seq.
1401 604 1537 656 patet.

197 671 292 714 Iam
323 672 430 715 talis
464 671 693 728 regionum
735 672 871 715 facies
910 687 1020 728 quae
1053 672 1176 714 nobis
1211 672 1381 729 quidem
1414 672 1597 713 mirifica

84 746 130 788 et
160 757 277 787 vana
308 743 500 798 videt-ur,
540 746 690 787 tamen
720 760 801 800 pro
835 744 999 786 somnio
1032 749 1188 800 poetae
1221 744 1393 785 minime
1426 749 1494 786 est
1526 743 1597 785 ha-

83 816 238 860 benda.
300 816 489 860 Vossius
531 819 653 859 reete
694 831 790 859 eum
832 816 898 859 rei
929 821 1135 859 naturam
1167 819 1260 859 tum
1292 820 1447 872 poetae
1481 816 1597 869 inge-

83 887 202 930 nium
219 888 463 945 perspexit,
493 903 587 930 eum
610 891 799 944 negaret
819 889 850 944 ¹)
883 888 1168 945 Apollonium
1200 887 1415 930 rationem
1452 901 1598 928 rorum

83 958 483 1016 geographiearum
515 959 583 1002 sui
614 959 854 1016 propriam,
889 959 1145 1016 aequalibus
1178 962 1323 1001 autern
1356 957 1597 1000 inauditam

85 1044 135 1073 ae
165 1030 365 1087 ignotam
386 1032 721 1089 propositurum
753 1032 902 1074 fuisse.
963 1032 1098 1073 Immo
1131 1031 1246 1073 latet
1277 1030 1439 1073 notitia
1471 1045 1597 1086 quae-

84 1103 184 1146 dam
214 1103 387 1146 lacuum
405 1103 740 1147 Helvetieorum
767 1107 813 1146 et
835 1103 979 1146 Rheni
1009 1102 1198 1145 fluminis
1216 1102 1256 1154 ²),
1291 1103 1475 1144 obscura
1509 1100 1598 1156 qui-

85 1173 182 1218 dem
215 1179 260 1218 et
291 1175 420 1218 falsis
451 1176 686 1232 permixta,
732 1178 930 1218 attamen
961 1173 1016 1217 ad
1049 1174 1272 1230 opiniones
1306 1171 1599 1228 explorandas

88 1261 198 1304 quae
241 1249 336 1290 tum
375 1247 589 1304 temporis
635 1247 687 1289 de
729 1247 820 1288 illis
864 1246 1118 1302 regionibus
1151 1246 1432 1296 ferebantur,
1486 1242 1601 1285 haud

88 1318 348 1375 spernenda.

202 1389 271 1432 Ae
301 1389 491 1447 primum
528 1389 702 1446 quidem
745 1389 969 1432 interdum
1011 1388 1144 1430 etiam
1186 1387 1302 1443 apud.
1332 1385 1601 1428 recentiores

88 1461 347 1505 testimonia
378 1461 431 1504 de
463 1461 661 1504 locorum
683 1461 773 1504 situ
795 1476 950 1517 parum
974 1462 1183 1502 accurata
1204 1458 1460 1511 invenimus,
1495 1472 1603 1513 quae

89 1533 146 1575 ad
176 1533 283 1576 haee
313 1533 614 1590 Apolloniana
645 1549 782 1590 prope
815 1532 1040 1575 accedunt.
1097 1531 1217 1573 Haee
1245 1529 1431 1586 exempli
1456 1528 1605 1584 gratia

89 1604 322 1662 Appianus
340 1607 379 1648 b.
400 1621 433 1648 e.
452 1605 475 1647 I
492 1606 574 1648 109
606 1604 807 1662 profert:
842 1605 943 1662 ἀμφὶ
970 1611 1060 1651 ταῖς
1085 1610 1237 1659 πηγαῖς
1262 1608 1328 1644 τοῦ
1352 1618 1391 1642 τε
1414 1601 1603 1642 Ῥοδανοῦ

91 1681 162 1720 καὶ
191 1677 427 1734 Ἠριδανοῦ,
467 1679 507 1720 οἳ
537 1678 745 1735 ἀνίσχουσι
781 1680 851 1733 μὲν
884 1676 931 1718 ἐκ
963 1684 1037 1717 τῶν
1073 1674 1273 1717 Ἀλπείων
1309 1673 1408 1729 ὀρῶν
1443 1671 1487 1715 οὔ
1525 1688 1603 1728 μα-

94 1750 196 1804 κρὰν
218 1747 285 1789 ἀπ’
310 1748 501 1805 ἀλλήλων
524 1763 608 1790 me.
669 1747 786 1790 Item
818 1745 1059 1789 scholiasta
1089 1744 1135 1786 in
1151 1744 1288 1799 Verg.
1307 1744 1416 1785 Aen.
1437 1743 1481 1783 1(
1482 1746 1502 1792 1,
1522 1742 1605 1783 708

93 1818 203 1863 dicit
234 1822 472 1878 utrumque
502 1819 684 1863 fluvium
727 1819 773 1860 in
803 1834 888 1859 uno
921 1821 1068 1859 monte
1100 1816 1247 1858 fontes
1277 1815 1464 1856 habere:
1508 1825 1607 1854 sanc

93 1889 142 1934 de
172 1892 242 1934 hoc
280 1893 423 1935 Vesulo
453 1893 622 1945 quidm
652 1893 734 1934 duo
762 1891 939 1943 flumina
968 1890 1219 1931 Rhodanum
1241 1891 1275 1929 et
1299 1887 1461 1928 Padum
1491 1884 1609 1926 nasci

92 1963 250 2015 diczent,
297 1978 469 2018 quorum
500 1978 623 2016 unns,
668 1965 710 2006 id
741 1967 799 2005 est
830 1963 1081 2011 Rhodanus,
1127 1961 1170 2002 iu
1208 1959 1466 2014 Tyrrhenum
1497 1970 1609 1997 mare

93 2037 211 2089 alter,
241 2037 287 2078 id
308 2041 369 2079 est
389 2038 547 2088 Padus,
578 2038 620 2078 in
644 2036 912 2079 Adriaticum
939 2034 1047 2086 fluit.
1109 2033 1230 2074 Haec
1260 2030 1401 2087 igitur
1423 2028 1609 2071 medium

93 2106 237 2150 locum
268 2107 472 2151 obtinere
503 2106 714 2151 videntur
745 2106 864 2148 inter
894 2103 1181 2161 Apollonium
1215 2101 1290 2158 qui
1321 2100 1465 2142 fontes
1499 2113 1609 2140 eom·

94 2195 247 2223 munes
280 2179 451 2237 aceepit
482 2182 529 2223 et
561 2178 827 2222 Strabonem
846 2177 875 2230 3)
922 2176 997 2233 qui
1027 2189 1179 2218 veram
1210 2172 1442 2215 fluviorum
1474 2169 1608 2211 ratio-

94 2266 194 2294 nem
224 2251 445 2308 cognovit.

214 2322 327 2365 Tum
359 2323 412 2365 de
444 2322 642 2366 fontibus
660 2319 867 2364 Rhodani
898 2321 944 2362 et
973 2317 1119 2361 Rheni
1150 2315 1283 2359 etiam
1315 2314 1433 2356 inter
1454 2312 1611 2354 Roma-

98 2411 177 2439 nos
211 2395 286 2438 diu
316 2396 575 2439 remanebat
606 2392 875 2451 ignorantia.
952 2391 1019 2433 De
1052 2404 1136 2446 qua
1170 2403 1217 2430 re
1245 2387 1535 2429 Mommsenus
1569 2382 1612 2423 in

99 2470 281 2512 Hermae
323 2468 410 2511 vol.
442 2467 557 2511 XVI
598 2481 698 2524 pag.
727 2465 811 2507 445
840 2479 958 2520 seqq.
1005 2459 1240 2512 disseruit,
1306 2457 1610 2499 demonstrans

99 2540 245 2598 ipsum
273 2539 437 2583 Iulium
470 2539 707 2583 Caesarem
739 2551 834 2580 eam
864 2532 1070 2577 Rhodani
1108 2534 1283 2589 partem
1322 2543 1431 2585 quae
1468 2526 1512 2567 in
1550 2525 1611 2566 ]a-

99 2627 196 2656 eum
225 2612 497 2656 Lemannum
537 2609 684 2653 influit
724 2624 805 2666 pro
846 2605 993 2650 Rheni
1032 2603 1159 2647 initio
1199 2600 1416 2644 habuisse.
1476 2596 1610 2640 Nisus

199 2790 234 2834 1)
260 2790 294 2825 J.
320 2789 365 2824 H.
394 2789 545 2824 Vossius
571 2787 752 2823 Kritische
776 2786 918 2821 Blc'itter
942 2783 977 2818 II
1003 2783 1081 2816 390.

198 2852 234 2897 2)
260 2849 314 2887 Cf:
342 2852 522 2895 Bergerus
555 2850 678 2886 Gesch.
706 2849 767 2884 der
791 2847 885 2882 mss.
913 2842 1114 2879 Erclkwnde
1136 2841 1196 2875 der
1227 2837 1398 2874 Griechen
1426 2835 1441 2869 Ι
1467 2836 1522 2869 21.

199 2914 238 2961 3)
263 2914 312 2951 1v
339 2916 418 2950 204.
