1839 3265
916 174 1200 217 *14-

299 283 403 323 lines·
427 282 645 326 Thracum
664 285 1023 346 Scytharumque
1045 294 1419 351 zwpropinquarit
1442 297 1487 340 in
1519 297 1627 342 duas
1659 304 1812 358 partes

298 353 448 395 dix-idi.
512 355 598 398 Sed
645 357 903 415 priusquam
944 361 998 403 ad
1045 362 1301 408 difficiliora
1345 369 1624 425 accedamus,
1670 372 1716 416 in
1745 374 1812 419 his

292 425 520 481 paulisper
553 426 825 473 insistamus.

410 500 505 549 Qua
541 499 713 555 quidem
746 500 799 543 de
831 516 964 546 causa
994 509 1128 561 poeta
1158 505 1265 550 haec
1295 508 1349 552 de
1378 510 1607 569 Aegyptis
1639 517 1686 558 et
1716 514 1812 560 Col-

292 569 382 611 vbis
407 568 696 625 congesserit,
730 573 817 616 nisi
841 575 904 617 sic
936 576 989 620 de
1014 576 1277 623 Colchorum
1299 582 1471 638 origine
1493 600 1572 629 nos
1596 587 1809 633 certiores

291 642 438 683 faeere
472 643 678 687 studeret
710 647 815 702 (qua
850 647 902 690 de
936 663 984 691 re
1002 649 1144 693 adhuc
1165 653 1398 708 tacuerat),
1432 655 1548 700 haud
1578 659 1808 717 perspicio.

289 712 399 754 Tum
433 713 558 757 vides
592 715 740 760 colore
773 733 904 774 quam
926 720 1073 776 prisco
1106 736 1156 765 ac
1187 727 1367 768 vetusto
1398 730 1541 772 totam
1564 731 1808 777 orationem

284 785 499 828 affecerit.
554 787 667 830 Nam
698 790 864 833 mentio
897 793 1440 855 montiumRhipaeorum,
1475 802 1550 858 qui
1576 803 1701 847 ultra
1719 805 1804 850 Bo-

285 870 406 899 ream
439 858 517 901 siti
551 859 655 914 sint,
688 861 744 903 ad
777 863 1025 919 opinionem
1057 866 1254 911 locorum
1277 876 1452 927 spectat
1485 889 1595 931 quae
1626 876 1700 920 vel
1719 877 1804 922 He·

284 929 434 972 rodoti
476 936 627 975 aetate
669 934 849 978 sublata
889 943 1000 982 erat.
1090 940 1262 985 Deinde
1307 945 1422 1000 quod
1464 946 1625 991 Hister
1668 963 1805 994 cornu

284 1002 445 1043 Oceani
478 1008 688 1059 vocatur,
734 1008 846 1050 satis
878 1009 1037 1054 mirum
1070 1017 1151 1056 est.
1213 1014 1364 1059 Primo
1397 1018 1512 1061 enim
1544 1021 1705 1066 obtutu
1734 1038 1803 1067 eo-

279 1072 397 1128 gites
444 1080 621 1131 poetam
662 1078 859 1123 indicare
903 1082 1063 1126 fiumen
1107 1101 1161 1128 ex
1194 1087 1365 1132 Oceano
1407 1090 1660 1136 derivatum
1691 1109 1798 1139 esse.

279 1144 392 1187 Nam
425 1152 551 1203 κέρας
583 1151 759 1207 saepius
792 1152 846 1196 de
877 1154 1012 1199 fluvio
1045 1157 1119 1201 vel
1145 1158 1273 1202 fluvii
1299 1162 1415 1205 ostio
1448 1163 1625 1209 dieitur.
1687 1167 1802 1212 Vide

283 1231 445 1273 quaeso
468 1219 656 1264 Pindari
688 1223 803 1280 frag.
837 1226 934 1280 201,
970 1227 1103 1272 Thuc.
1134 1230 1158 1272 I
1180 1231 1275 1275 110.
1321 1233 1447 1277 Fieri
1476 1235 1619 1292 igitur
1648 1241 1800 1295 potest

277 1294 328 1332 ut
371 1291 566 1349 scriptor
610 1294 801 1352 aliquis,
860 1298 976 1342 sieut
1025 1303 1228 1346 nonnulli
1267 1305 1420 1349 Nilum
1439 1307 1470 1364 ¹)
1512 1311 1559 1352 et
1601 1309 1794 1366 Phasim,

278 1361 413 1404 etiam
443 1364 652 1408 Histrum
685 1370 848 1412 Oceani
881 1386 1018 1415 cornu
1050 1389 1146 1417 esse
1193 1376 1401 1433 opinatus
1433 1380 1519 1434 sit,
1567 1397 1650 1438 per
1681 1384 1797 1441 quod

278 1433 367 1476 iter
410 1436 623 1482 fecissent
654 1440 961 1497 Argonautae.
1039 1446 1143 1491 Sive
1190 1449 1304 1492 enim
1351 1466 1433 1508 per
1462 1453 1671 1498 Histrum
1702 1456 1797 1501 sive

274 1522 356 1562 per
389 1508 572 1552 Tanaim
614 1512 708 1556 sive
740 1529 821 1571 per
852 1516 1033 1561 Phasim
1075 1521 1149 1564 via
1192 1523 1391 1579 petitur,
1439 1540 1527 1569 una
1557 1527 1794 1586 eademque

276 1583 345 1622 est
375 1581 494 1623 ratio
533 1586 846 1642 geographica.
919 1589 1034 1632 Nam
1077 1593 1194 1648 apud
1237 1599 1415 1639 veteres
1457 1598 1603 1655 opinio
1634 1600 1793 1645 fluvios

273 1650 477 1707 ingentes
511 1670 606 1698 cum
629 1657 800 1702 Oceano
834 1660 1007 1705 iunctos
1040 1678 1136 1707 esse
1168 1667 1342 1710 omnino
1374 1685 1462 1712 non
1490 1671 1647 1727 ignota
1677 1677 1789 1718 erat.

278 1724 366 1767 Sed
398 1741 493 1768 cum
524 1727 570 1769 in
603 1732 888 1786 sequentibus
920 1734 1067 1778 fontes
1099 1731 1251 1782 Histri
1280 1741 1326 1783 in
1355 1743 1579 1787 montibus
1622 1747 1794 1802 positos

273 1810 370 1838 esse
402 1797 616 1853 invenias,
648 1805 777 1857 patet
808 1811 985 1860 poetam
1018 1809 1265 1866 opinionem
1296 1813 1430 1857 istam
1451 1815 1504 1859 de
1522 1817 1682 1862 Histro
1704 1835 1791 1863 non

272 1868 460 1924 amplius
494 1874 745 1928 respexisse
777 1877 855 1919 sed
887 1880 999 1922 satis
1032 1882 1238 1928 habuisse
1272 1889 1521 1932 ornamenti
1552 1905 1686 1934 causa
1716 1909 1787 1936 ve-

268 1940 406 1996 stigia
436 1946 673 1989 memoriae
706 1948 800 1992 fere
833 1951 1046 1996 oblivioni
1078 1955 1210 2000 datae
1242 1973 1440 2004 servare.

382 2014 476 2056 Iam
507 2016 563 2058 ad
596 2018 852 2064 difficiliora
883 2039 962 2067 nos
994 2027 1286 2084 accingamus,
1318 2046 1420 2074 nam
1451 2049 1610 2078 versus
1641 2036 1783 2079 289-

267 2083 350 2127 293
383 2087 546 2130 dudum
579 2105 687 2133 crux
719 2093 1019 2152 interpretum
1043 2103 1160 2144 sunt.
1204 2102 1451 2148 Haeremus
1484 2107 1599 2150 enim
1629 2108 1677 2151 in
1704 2109 1786 2152 hac

265 2160 537 2213 perobscura-
582 2163 932 2225 imperfectaque
979 2170 1291 2229 descriptione.
1367 2177 1482 2220 Nam
1513 2180 1637 2222 nulla
1667 2196 1784 2224 men·

265 2229 386 2273 tione
419 2233 589 2276 brachii
610 2235 802 2281 Pontum
833 2243 1030 2296 petentis
1063 2245 1185 2289 facta
1216 2247 1405 2303 primum
1437 2250 1490 2293 de
1511 2253 1625 2294 mari
1645 2253 1783 2309 Ionio,

263 2305 357 2345 tum
391 2305 443 2347 de
474 2306 622 2364 aliquo
656 2310 882 2355 Trinacrii
912 2316 1047 2359 maris
1082 2318 1180 2361 sinu
1212 2321 1426 2366 audimus.
1488 2324 1639 2378 Quare
1671 2326 1781 2370 Ger·

266 2375 477 2431 hardus²)
522 2382 677 2437 suasit,
725 2390 776 2427 ut
817 2402 899 2443 pro
941 2387 1081 2448 Ἰονίην
1111 2392 1227 2449 (289)
1274 2394 1385 2452 ἠῴην
1430 2397 1680 2453 scribatur,
1724 2399 1783 2442 ad

262 2448 405 2504 ipsum
435 2451 724 2508 Apollonium
753 2473 1015 2516 provocans,
1049 2464 1124 2520 qui
1153 2465 1202 2507 II
1234 2467 1316 2509 745
1349 2468 1433 2511 sie:

378 2522 470 2565 ὅστε
501 2526 579 2574 διὲξ
611 2528 744 2586 ἄκρης
776 2531 1044 2588 ἀνερεὺγεται,
1077 2536 1137 2585 εἰς
1167 2537 1248 2580 ἅλα
1279 2542 1442 2595 βάλλων
1470 2542 1475 2598 Ι
1503 2541 1615 2601 ἠῴην

380 2598 521 2648 Quam
553 2600 851 2645 coniecturam
883 2606 1017 2649 etiam
1040 2608 1306 2653 waltherus
1318 2612 1350 2669 ³)
1381 2629 1522 2673 nuper
1552 2616 1774 2672 probavit.

263 2664 351 2708 Sed
393 2683 446 2711 ne
488 2669 568 2713 hoc
601 2672 774 2729 quidem
806 2680 1097 2723 concesserim
1115 2716 1123 2737 ,
1170 2684 1286 2741 quod
1325 2685 1397 2728 vir
1428 2687 1584 2732 doctus
1615 2690 1692 2734 ille
1722 2706 1777 2737 ex

359 2777 394 2820 1)
420 2778 464 2813 cf.
493 2780 626 2816 Herod.
654 2782 688 2824 II
715 2785 784 2820 73:
812 2785 917 2822 Diod.
944 2788 1014 2824 Sic.
1042 2790 1057 2825 I
1084 2792 1140 2826 37.

353 2843 389 2883 2)
415 2841 455 2875 In
478 2842 574 2877 Lect.
602 2844 723 2889 Apoll.
750 2857 810 2891 pp.
837 2850 990 2885 80—81.

352 2904 389 2948 3)
414 2903 471 2938 De
485 2907 673 2950 Apollonii
683 2909 820 2944 Rhodia·
833 2912 1033 2957 Awyonaut.
1052 2913 1156 2950 rebus
1170 2917 1418 2964 yeoyraplaeicis
1433 2935 1439 2958 :
1461 2928 1525 2968 pp.‘
1539 2925 1596 2969 61,
1610 2925 1657 2960 83
1671 2933 1784 2971 seqq.‘
