1898 3291
108 308 229 366 lerit,
263 310 561 371 principatum
593 317 808 372 obtinere,
842 335 981 376 nequo
1014 322 1181 365 nostris
1206 322 1621 369 ratiocinationibus

104 382 325 427 infirmari
354 401 497 442 posse.

223 454 311 499 Sed
344 455 396 499 de
428 456 494 500 his
529 458 641 501 satis
665 459 932 514 dictumest,
966 478 1065 504 nam
1098 468 1288 520 apparet
1321 470 1457 509 totam
1494 486 1619 525 quac-

105 525 295 569 stionem
327 526 380 570 de.
413 528 557 584 prima
587 535 718 586 parte
751 531 878 575 huius
911 534 1071 590 capitis
1104 535 1217 578 unde
1250 541 1294 579 et
1326 539 1481 594 quibus
1514 544 1621 583 teni—

104 597 287 654 poribus
332 603 434 642 orta
477 600 558 654 sit,
605 603 905 647 obscuriorem
946 620 1041 648 esse
1075 621 1201 663 quam
1233 611 1283 651 ut
1314 608 1358 651 in
1390 613 1518 653 tanta
1551 627 1621 667 pe-

104 671 236 714 nuria
268 670 566 715 subsidiorum
596 673 848 717 accuratius
882 675 1057 718 definiri
1088 678 1243 732 possit.

223 742 352 786 Nunc
383 743 439 785 ad
471 743 684 787 scholium
716 745 760 787 in
792 744 876 802 Ap.
910 746 993 788 Rh.
1026 747 1092 790 IV
1125 748 1209 789 2254
1239 748 1369 798 οὐδεὶς
1400 753 1442 793 δὲ
1474 752 1621 809 ἱστορεῖ

105 814 171 856 διὰ
212 817 352 857 τοὺτου
393 817 485 863 τοὺς
516 813 797 871 Ἀργοναύτας
839 817 1165 861 εἰσπεπλευκὲναι
1210 819 1265 868 εἰς
1307 825 1375 877 τὴν
1419 823 1616 880 ἡμετέραν

107 886 328 928 θάλασσαν
361 885 438 934 ἔξω
470 885 714 943 Τιμαγήτου,
748 888 778 943 ᾧ
809 887 1096 946 ἡκολοὺθησεν
1127 890 1423 943 Ἀπολλώνιος,
1468 895 1619 938 redea-

101 972 218 1012 mus,
263 958 377 1000 unde
417 960 518 1000 tota
555 959 866 1002 commentatio
908 961 1113 1016 profecta
1145 966 1225 1004 est.

215 1029 465 1087 Utcumque
488 1030 540 1072 de
563 1030 629 1072 his
652 1031 1113 1087 pseudoaristotelicis
1147 1033 1326 1087 iudicas,
1359 1035 1466 1079 fides
1499 1038 1619 1080 scho—

100 1102 262 1147 liastae
296 1103 357 1147 eis
390 1117 478 1145 non
508 1102 786 1159 infringitur.
848 1104 933 1156 Qui
965 1120 1060 1146 cum
1091 1110 1376 1149 asseveraret
1406 1109 1619 1153 neminem

97 1178 282 1231 praeter
307 1174 588 1230 Timagetum
614 1173 765 1216 ducem
787 1173 1018 1230 Apollonii
1049 1175 1200 1229 fuisse,
1233 1177 1407 1233 plenam
1438 1195 1487 1223 ac
1518 1197 1616 1238 per·

93 1247 257 1291 sectam
289 1245 585 1301 cognitionem
617 1245 758 1288 totius
778 1245 1038 1288 litterarum
1068 1248 1304 1291 memoriae
1336 1266 1609 1309 nequaquam

100 1318 187 1362 sibi
218 1319 466 1376 arrogavit.
529 1317 657 1360 Licet
690 1316 909 1373 suspicari
939 1318 996 1359 ad
1026 1318 1127 1360 illos
1160 1322 1364 1364 auctores
1391 1323 1463 1379 qui
1487 1323 1617 1366 simul

96 1390 404 1448 appellantur,
448 1389 729 1447 potissimum
760 1388 944 1445 respici,
993 1404 1104 1446 quae
1145 1391 1400 1435 coniectura
1437 1409 1485 1437 eo
1517 1410 1616 1438 con-

94 1460 302 1506 firmatur
343 1462 460 1520 quod
499 1461 577 1504 ille
620 1460 793 1504 reditus
832 1475 912 1517 per
946 1460 1131 1503 Tanaim
1164 1465 1209 1505 et
1241 1462 1459 1507 Oceanum
1493 1481 1617 1522 quem

96 1533 321 1577 Diodorus
355 1534 472 1591 apud
504 1533 730 1576 Timaeum
761 1533 954 1589 legebat,
986 1548 1074 1575 non
1106 1533 1284 1577 Timaeo
1319 1535 1396 1578 sed
1427 1535 1616 1592 Scymno

95 1604 328 1649 tribuitur.
390 1605 551 1662 Itaque
584 1604 828 1661 scriptores
862 1619 1009 1647 omnes
1043 1605 1300 1662 quicumque
1334 1607 1386 1650 de
1417 1624 1466 1651 re
1490 1624 1618 1665 expo-

97 1680 285 1721 suerunt
317 1691 576 1721 enumerare
607 1675 834 1732 interpres
875 1690 963 1717 non
994 1675 1190 1727 studuit,
1233 1677 1311 1719 sed
1352 1677 1399 1720 id
1441 1681 1617 1722 tantum

96 1749 326 1794 contendit
357 1749 645 1806 Apollonium
686 1749 741 1791 ab
781 1763 866 1790 uno
904 1747 1097 1804 pendere
1131 1748 1385 1805 Timageto,
1433 1751 1615 1795 differre.

95 1826 245 1865 autem
286 1822 341 1865 ab
386 1836 437 1865 ea
481 1820 706 1864 sententia
747 1834 857 1877 quae
896 1819 1185 1876 Argonautas
1218 1836 1299 1877 per
1330 1821 1509 1864 Phasim
1541 1838 1619 1866 nec

92 1891 269 1936 minime
314 1893 368 1936 ab
411 1892 559 1936 altera
600 1906 710 1949 quae
754 1891 930 1935 eosdem
970 1907 1050 1948 per
1083 1891 1267 1934 Tanaim
1309 1892 1355 1934 in
1397 1893 1614 1936 Oceanum

92 1965 351 2022 pervenisse
383 1965 572 2017 ferebat,
606 1963 734 2006 huius
765 1966 935 2020 poetas,
969 1963 1091 2005 illius
1121 1962 1359 2020 Scymnum
1390 1967 1613 2022 tamquam

93 2039 299 2080 auctores
332 2035 625 2093 gravissimos
659 2034 888 2078 excitavit.
950 2034 1016 2077 At
1039 2033 1333 2077 Schneiderus
1366 2036 1483 2080 hisce
1515 2053 1613 2081 ver-

92 2107 160 2150 bis
192 2107 238 2150 in
270 2123 367 2151 eum
397 2107 625 2152 invehitur
643 2108 700 2161 ¹):
739 2107 957 2159 manifesto
997 2106 1155 2148 era-avit
1184 2111 1235 2148 ut
1261 2107 1405 2149 docent
1435 2109 1614 2161 scripto-

89 2193 184 2222 rum
215 2180 291 2222 loci
322 2195 348 2222 a
380 2181 650 2223 Beckmamzo
681 2180 736 2221 ad
766 2179 902 2220 Arist.
934 2179 983 2220 do
1014 2179 1206 2221 Mirabil.
1241 2180 1433 2222 Auscztlt.
1463 2193 1505 2232 p.
1528 2183 1614 2222 230

92 2251 268 2295 collecti:
302 2253 521 2294 credebant
549 2253 657 2293 em'm
691 2250 850 2292 Istrum
877 2249 1050 2301 fluvium
1081 2250 1127 2290 in
1157 2250 1263 2291 decas
1288 2253 1432 2302 partes
1462 2250 1609 2301 scindi,

91 2337 270 2377 quarum
301 2323 436 2364 altera
461 2323 607 2374 flueret
638 2325 680 2363 in
699 2323 891 2372 Pontum,
924 2321 1058 2362 altera
1089 2321 1134 2361 in
1165 2321 1360 2362 Ado-imm.
1424 2320 1612 2373 Quibus—

91 2411 187 2439 cum
218 2397 370 2440 confer
402 2394 540 2437 Plinii
570 2394 714 2438 locum
746 2393 818 2448 (N.
851 2393 907 2434 H.
940 2392 1105 2446 3,128)
1137 2391 1212 2434 ubi
1242 2391 1311 2434 hic
1344 2407 1473 2434 error
1505 2407 1608 2449 quo-

89 2467 218 2511 modo
251 2471 379 2512 ortus
426 2467 487 2511 sit
528 2467 590 2510 sic
622 2464 893 2522 explicatur:
941 2462 1096 2504 Nullus
1138 2477 1187 2504 ex
1229 2462 1427 2504 Danuvio
1473 2465 1610 2505 amuis

89 2541 332 2595 effunditur.
392 2540 591 2592 Deceptos
637 2538 753 2579 eredo
798 2535 993 2588 quoniam
1025 2536 1142 2587 Aryo
1188 2535 1316 2575 navis
1346 2534 1519 2585 flumine
1563 2535 1609 2575 in

89 2623 204 2652 mare
233 2610 504 2653 Adriaticum
535 2607 751 2650 descendit
781 2619 866 2647 ‘non
891 2604 1038 2657 procul
1070 2604 1269 2657 Teryeste‚
1301 2617 1373 2647 nec
1403 2607 1487 2647 iam
1518 2620 1614 2648 con—

88 2685 174 2723 stat
201 2696 279 2736 qno
307 2681 490 2735 flmnine.
550 2678 761 2721 Profecto
804 2675 912 2718 duas
954 2691 1028 2718 res
1069 2689 1180 2732 quae
1222 2675 1341 2718 inter
1375 2691 1420 2719 se
1452 2675 1610 2719 distin-

88 2752 265 2808 guenda
295 2754 421 2806 sunt,
467 2750 762 2794 Schneider-us
794 2747 967 2791 omnino
999 2761 1088 2790 non
1118 2746 1348 2801 distinxit,
1396 2761 1504 2804 quas
1536 2762 1609 2790 res

188 2915 220 2960 ι)
247 2913 337 2950 ean.
363 2914 399 2950 11
422 2916 479 2951 ει.
