1898 3291
788 179 1074 221 *71-

173 287 317 344 igitur
347 288 451 332 novi
481 288 528 331 in
559 289 834 333 Florentinis
867 298 912 336 et
946 293 1161 338 Parisinis
1196 301 1374 342 exstare
1408 305 1590 356 practer
1622 319 1686 347 rc-

175 358 323 403 eentia
352 359 562 418 nullaque
595 362 767 406 omnino
801 365 885 407 fidc
918 366 1063 422 digna.

287 431 358 474 Ex
403 432 470 475 his
514 433 655 490 igitur
701 452 811 493 quae
852 438 1027 481 Kcilius
1072 440 1115 482 in
1157 443 1436 497 praefatione
1479 444 1687 487 editionis

173 503 353 548 uberius
386 505 592 562 exposuit
624 511 809 551 stemma
841 510 902 552 sic
935 512 1210 556 constituas:

860 594 995 637 Laur.

847 719 931 801 ‘ss
938 722 1046 829 &N

753 820 875 884 Flor.
995 843 1097 885 Par.

171 941 235 985 Et
281 944 410 986 tanta
457 944 630 1001 quidem
677 945 766 988 fuit
819 945 911 988 eius
956 947 1203 990 auctoritas
1250 948 1321 991 vel
1366 949 1514 1005 potius
1563 954 1689 994 tanta

174 1016 245 1055 est
275 1012 436 1056 codicis
472 1014 765 1057 Laurentiani
796 1016 1098 1071 praestantia,
1142 1021 1193 1060 ut
1225 1018 1385 1061 ceteris
1419 1019 1686 1075 posthabitis

173 1080 263 1124 viri
293 1081 414 1126 docti
445 1083 561 1126 hunc
593 1084 733 1126 solum
776 1084 938 1126 librum
984 1085 1029 1127 in
1061 1086 1238 1129 scholiis
1272 1088 1537 1144 usurpandis
1571 1089 1687 1131 evol-

173 1169 279 1197 vere
311 1154 498 1198 soleant.

289 1223 377 1267 Sed
421 1228 572 1268 tamen
602 1225 742 1269 Keilii
782 1227 1006 1269 sententia
1048 1227 1377 1271 fundamentem
1419 1230 1689 1273 recensionis

175 1292 221 1335 in
267 1309 352 1336 uno
385 1294 688 1338 Laurentiano
720 1296 915 1352 positum
947 1311 1042 1338 esse
1079 1297 1302 1339 interdum
1336 1300 1688 1354 oppugnabatur,

175 1368 227 1408 ut
267 1364 438 1408 videbis
486 1365 523 1408 si
554 1365 742 1422 Bergkii
774 1367 1085 1410 adnotationes
1129 1367 1253 1411 velut
1285 1368 1341 1410 ad
1371 1369 1556 1411 Pindari
1587 1370 1692 1426 fgm.

178 1437 274 1490 167,
309 1437 649 1481 WVilamowitzii
680 1437 936 1480 Heraclem²
966 1439 1014 1480 Π
1047 1439 1129 1481 132
1162 1439 1282 1492 adn,
1315 1440 1498 1484 Luetkii
1529 1441 1690 1485 Phere-

176 1507 318 1564 eydea
347 1523 447 1566 pag.
481 1510 536 1551 35
568 1509 666 1551 adn.
700 1510 725 1551 3
757 1509 1018 1566 inspexeris.
1070 1510 1177 1553 Cum
1208 1511 1349 1567 igitur
1380 1513 1484 1554 mihi
1518 1514 1570 1555 ob
1596 1528 1689 1555 eam

177 1594 352 1623 causam
391 1580 650 1638 plerumque
682 1581 988 1625 Laurentiana
1028 1597 1122 1624 cum
1159 1583 1377 1626 Parisinis
1422 1588 1467 1627 et
1507 1584 1689 1628 Floren-

176 1652 285 1696 tinis
318 1653 588 1707 conferenti,
622 1653 773 1696 eadem
805 1653 1026 1696 dubitatio
1060 1669 1105 1697 se
1138 1654 1376 1708 obtulerit,
1427 1670 1509 1712 par
1541 1660 1609 1699 est
1641 1660 1690 1700 ut

176 1725 528 1769 Laurentianum
573 1741 661 1768 non
704 1741 799 1769 esse
844 1726 985 1768 solum
1028 1726 1196 1769 fontem
1229 1726 1496 1769 scholiorum
1540 1728 1690 1784 paucis

177 1797 389 1854 exemplis
422 1797 685 1840 confirmem.

296 1870 364 1912 Ac
394 1869 585 1927 primum
617 1869 791 1927 quidem
823 1870 868 1911 in
910 1869 1062 1912 multis
1096 1868 1331 1912 reddendis
1365 1885 1474 1927 quae
1507 1871 1551 1912 in
1582 1871 1694 1914 Lau-

181 1941 387 1984 rentiano
426 1941 588 1985 desunt
630 1941 896 1984 Florentina
932 1943 978 1983 et
1019 1940 1227 1982 Parisina
1261 1942 1535 1995 consentire,
1590 1942 1695 1985 Kei-

138 2031 142 2034 ’
180 2013 289 2056 lium
310 2013 487 2056 minime
520 2013 651 2070 fugit.
714 2012 968 2069 Denegavit
999 2015 1147 2054 autem
1178 2011 1290 2054 talia
1320 2012 1453 2055 ullius
1486 2014 1694 2056 momenti

179 2099 277 2127 esse
309 2087 388 2127 aut
420 2100 473 2127 ex
504 2083 717 2126 memoria
757 2083 1024 2126 scholiorum
1069 2084 1223 2124 vetere
1267 2083 1545 2138 profluxisse.
1608 2083 1694 2126 Illa

180 2156 382 2214 exempla
423 2156 583 2213 (praef.
627 2171 727 2213 pag.
762 2156 859 2208 300)
908 2155 1063 2212 quibus
1112 2154 1358 2211 opinionem
1403 2156 1693 2198 corroborare

180 2228 413 2278 studebat,
447 2243 553 2272 sane
585 2228 642 2271 ad
670 2227 1003 2285 persuasionem
1034 2226 1266 2282 aptissima
1296 2229 1412 2269 sunt.
1474 2225 1561 2269 Sed
1582 2241 1695 2269 vana

179 2304 250 2344 est
290 2301 622 2358 argumentatio
669 2300 758 2342 viri
789 2299 909 2342 docti
940 2314 989 2342 eo
1038 2298 1152 2355 quod
1183 2298 1273 2340 ista
1305 2298 1504 2354 exempla
1534 2313 1692 2355 nequa-

182 2388 311 2431 quam
343 2374 400 2416 ad
430 2388 585 2417 veram
615 2373 683 2417 rei
712 2372 948 2428 imaginem
979 2371 1121 2413 animo
1154 2369 1421 2412 reddendam
1454 2369 1691 2412 sufficiunt.

178 2446 294 2490 Sunt
325 2446 441 2489 enim
472 2446 763 2490 diversitates
795 2444 913 2486 haud
943 2457 1107 2500 paucae
1140 2456 1250 2498 quae
1282 2444 1431 2484 notam
1462 2457 1600 2497 neque
1632 2441 1694 2482 in-

177 2518 474 2576 terpolatoris
505 2534 646 2576 neque
678 2517 842 2560 aetatis
865 2514 1129 2558 recentioris
1161 2528 1269 2570 prae
1294 2529 1339 2555 se
1360 2513 1522 2555 ferunt.
1586 2512 1693 2554 Cum

181 2591 324 2648 igitur
355 2591 533 2635 Keilius
562 2590 913 2633 Laurentianum
944 2586 1179 2630 memoriae
1207 2584 1479 2641 reliquorum
1510 2584 1692 2627 scholio-

179 2676 280 2703 rum
310 2676 406 2704 esse
438 2662 671 2718 parentem
701 2657 928 2716 posuerit,
973 2656 1092 2699 locos
1125 2655 1296 2711 aliquot
1327 2654 1401 2696 ubi
1430 2653 1693 2696 Florentina

183 2735 230 2776 et
259 2732 469 2775 Parisina
499 2731 800 2776 recensionem
831 2728 1073 2772 ostendunt
1120 2731 1165 2770 et
1196 2726 1438 2783 pleniorem
1469 2728 1514 2767 et
1544 2725 1692 2768 melio-

179 2819 278 2847 rem·
305 2805 503 2847 afferam.
580 2803 779 2845 Primum
809 2801 1064 2844 memoriam
1095 2798 1311 2856 duplicem
1342 2796 1607 2840 scholiorum
1638 2797 1694 2841 ad

179 2875 250 2922 IV
281 2876 366 2920 308
395 2876 677 2934 inspiciamus
694 2893 702 2918 :
