1839 3265
837 190 1120 233 „32-

232 314 298 352 καὶ
331 313 609 365 κατῳκηκέναι
643 311 711 364 τῂν
743 315 873 363 νῆσον.
952 306 1063 348 Tum
1096 306 1148 350 de
1181 307 1370 350 dracone
1404 305 1606 351 Colchico
1639 304 1741 351 vide

232 381 395 422 scholia,
431 382 469 422 in
506 378 834 434 Lycophronem
866 377 961 418 (315.
1023 376 1196 420 Deinde
1227 377 1471 420 verisimile
1504 379 1575 421 est
1606 377 1742 420 etiam

230 468 278 494 va
310 469 418 508 quac
450 453 493 494 iu
526 450 657 493 schol.
697 450 798 504 hyo.
831 450 916 489 «530
958 448 1255 505 proferuntur
1287 449 1467 493 Timaeo
1499 449 1740 493 tribuenda

230 541 336 566 css-c.
396 523 580 566 Avi-vdit
602 522 717 578 quod
740 521 881 577 prima
902 520 1066 564 mentio
1089 524 1242 565 terrae
1266 522 1473 579 Κόλχιδος
1504 521 1622 579 apud
1651 521 1739 564 Eu-

230 595 386 636 molnm
431 579 603 650 poetam
643 592 920 635 Corinthium
963 591 1191 635 invenitur
1209 593 1250 648 ¹).
1324 593 1526 650 Denique
1556 592 1742 636 Homeri

232 667 541 709 testiinonium.
576 665 619 706 in
650 667 675 705 ἆ
707 665 789 705 259
822 663 1068 718 Odysseae,
1101 664 1159 706 ad
1189 679 1283 708 rem
1313 664 1536 721 pertinet:

424 737 464 784 ἐξ
497 737 673 793 Ἰἰφύρης
706 735 862 776 ἀνιόντα
892 734 988 790 παρ’
1017 734 1129 777 Ἴλου
1161 735 1440 792 Μερμερίδαο.

227 807 511 861 Mei-morum,
545 806 725 850 Medeae
756 806 893 849 filium
924 806 1011 848 iam
1042 806 1088 849 in
1117 807 1310 851 carmine
1341 807 1593 865 Naupactio
1626 823 1738 851 com-

227 882 513 922 memoratum
544 894 638 921 esse
658 878 900 921 Pausanias
933 878 979 920 ΙΙ
1011 879 1050 931 3,
1074 879 1100 920 9
1131 879 1335 923 tradidit.
1413 879 1564 937 Stirps
1596 879 1739 937 igitur

227 951 404 993 Medeae
448 950 664 993 veneficae
708 950 748 992 ci
793 950 868 1006 qui
899 950 1146 1006 Odysscam
1184 950 1231 993 in
1271 951 1460 994 formam
1501 966 1587 1009 qua
1624 967 1740 996 nunc

229 1026 297 1065 est
343 1022 516 1077 redegit
560 1022 675 1064 haud
718 1022 873 1077 ignota
905 1024 1016 1064 crat.
1088 1022 1221 1065 Haud
1250 1022 1382 1079 parvi
1413 1023 1737 1067 aestimandum

229 1098 297 1136 cst
339 1093 549 1136 scholium
589 1093 634 1135 in
670 1093 782 1136 hune
824 1109 1025 1136 versum:
1080 1094 1221 1137 Ἰάσων
1265 1094 1351 1152 ἅμα
1396 1103 1444 1152 τῇ
1488 1097 1651 1153 Μηδείᾳ
1694 1096 1735 1140 ἐν

230 1165 388 1220 Ἐφῦρα
421 1173 491 1221 τῆς
513 1166 772 1220 Θεσπρωτίας
802 1170 1128 1223 παραγενόμενος
1159 1167 1266 1224 ἴσχει
1297 1167 1468 1225 Φέρητα
1494 1167 1540 1211 οὖ
1574 1168 1733 1219 ὁἽλος,

227 1237 364 1284 οἵτινες
418 1236 679 1291 ἐβασίλευσαν
721 1240 1005 1294 Θεσπρωτίας,
1062 1238 1117 1287 ως
1167 1238 1317 1296 ἱστορεῖ
1357 1239 1669 1298 Ἀπολλόδωρος
1712 1240 1735 1284 ὁ

227 1309 480 1365 Ἀθηναῖος·
522 1310 579 1350 διὸ
622 1314 849 1365 φαρμάκων
901 1310 1002 1352 ἐστὶν
1044 1312 1244 1368 ἔμπειρος.
1305 1311 1549 1368 Progenies
1592 1313 1737 1369 igitur

226 1380 402 1423 Medeae
434 1380 708 1436 Apollodoro
740 1381 1006 1424 Atheniensi
1046 1386 1166 1427 teste
1210 1384 1256 1426 in
1300 1384 1557 1441 regionibus
1595 1400 1736 1443 prope

226 1452 467 1508 Corcyram
498 1454 727 1508 regnabat.

338 1527 458 1576 Quae
500 1540 595 1566 cum
637 1525 702 1568 ita
746 1525 862 1580 sint,
912 1527 1173 1571 concludere
1216 1528 1322 1572 licet
1353 1529 1642 1588 Apollonium
1682 1545 1735 1575 ea

227 1609 334 1651 quae
367 1595 418 1638 de
451 1595 662 1652 dispersis
696 1596 812 1639 circa
832 1597 1021 1641 Adriam
1054 1599 1228 1643 Colchis
1259 1601 1532 1657 narraverit,
1564 1617 1619 1645 ex
1647 1618 1735 1646 me-

223 1667 363 1709 moria
394 1668 597 1711 uberiore
629 1668 936 1726 desumpsisse.
999 1671 1154 1728 Neque
1187 1672 1482 1717 Callimachus
1514 1674 1590 1732 qui
1620 1674 1734 1717 illud

225 1740 515 1796 veriloquium
545 1741 731 1783 nominis
763 1742 973 1785 Polarum
1003 1744 1199 1800 protulit
1230 1744 1312 1787 hac
1341 1745 1388 1788 in
1418 1761 1468 1789 re
1499 1746 1732 1790 solitarius

224 1811 322 1853 fuit.
383 1812 582 1868 Denique
626 1818 813 1870 apparet
854 1829 964 1871 quae
1005 1815 1126 1859 inter
1165 1817 1282 1860 tales
1318 1817 1532 1862 historias
1566 1823 1612 1862 et
1643 1819 1734 1876 opi-

224 1883 394 1925 nionem
448 1884 499 1926 de
542 1884 819 1940 Argonautis
865 1903 946 1943 per
986 1888 1194 1931 Histrum
1249 1889 1566 1946 navigantibus
1625 1906 1735 1935 vera

225 1953 340 1996 ratio
387 1954 458 1997 sit.
533 1955 659 1998 Hanc
703 1957 816 1999 enim
855 1958 995 2002 multo
1037 1960 1332 2004 recentiorem
1374 1965 1509 2018 atque
1552 1963 1607 2005 ab
1653 1962 1741 2006 illa'

225 2029 485 2081 pervetusta
514 2029 724 2071 memoria
754 2045 1020 2088 magnopere
1053 2032 1252 2076 adiutam
1286 2049 1383 2077 esse
1419 2033 1467 2077 Ο.
1489 2034 1732 2078 Muellerus

225 2096 385 2139 iamdiu
416 2100 645 2155 perspexit
660 2101 702 2156 2).

338 2169 418 2212 His
463 2170 549 2213 iam
586 2172 696 2215 satis
724 2175 935 2218 tractatis
970 2175 1267 2220 Callimachea
1313 2192 1425 2235 quae
1470 2178 1517 2221 in
1552 2178 1732 2221 scholiis

227 2240 532 2296 Apollonianis
588 2244 643 2286 ad
682 2245 750 2288 IV
791 2247 901 2289 1322
960 2252 1144 2292 servata
1187 2253 1292 2293 sunt
1342 2250 1494 2308 paucis
1535 2254 1730 2308 tangam.

226 2311 364 2353 Poeta
394 2313 592 2356 Rhodius
624 2317 841 2373 nymphas
873 2319 1067 2375 Libycas
1093 2321 1371 2377 Argonautis
1404 2323 1521 2366 omni
1551 2339 1629 2380 spe
1660 2338 1728 2366 re-

225 2381 384 2424 deundi
414 2383 643 2428 destitutis
667 2402 791 2443 opem
823 2390 1139 2449 consiliumque
1169 2393 1330 2436 tulisse
1362 2400 1533 2438 narrat.
1586 2394 1731 2438 Docet

226 2453 475 2507 scholiasta,
498 2460 586 2512 περὶ
602 2459 643 2499 δὲ
662 2468 735 2501 τῶν
756 2470 916 2519 νυμφῶν
935 2468 1130 2520 μέμνηται
1147 2464 1437 2523 Καλλίμαχος,
1460 2465 1560 2508 οὕτω
1581 2468 1732 2521 λέγων’

394 2527 593 2570 δέσποιναι
623 2530 780 2588 Λιβυης
808 2532 980 2589 ἠρωίδες
1010 2536 1057 2576 αἳ
1085 2536 1353 2593 Νασαμώνων

451 2598 559 2641 αὖλιν
590 2603 659 2641 καὶ
689 2602 854 2659 δολιχας
886 2607 1007 2654 θῖνας
1038 2609 1271 2662 επιβλέπετε

396 2675 547 2726 μητέρα
579 2688 643 2727 μοι
676 2676 852 2720 ζώουσαν
884 2676 1087 2734 ὀφέλλετε.

324 2776 354 2816 1)
382 2774 424 2808 ef.
453 2774 555 2810 Dion.
583 2776 661 2811 Per.
689 2779 758 2813 488
784 2790 868 2824 seq,
895 2781 988 2817 Plin.
1015 2783 1058 2818 N.
1081 2785 1124 2819 H.
1152 2787 1185 2829 3,
1214 2787 1292 2829 144,
1318 2786 1380 2821 ubi
1405 2786 1450 2823 de
1476 2786 1732 2823 coloniiscol-

227 2833 372 2869 chorum
398 2836 433 2869 in
458 2837 548 2872 mari
574 2838 761 2875 Adriatico
788 2842 868 2877 sitis
895 2844 1024 2887 agitur.

321 2897 356 2941 2)
389 2896 619 2935 Orchomenos
644 2912 678 2946 p.
705 2903 784 2938 292.
