1898 3291
41 313 131 358 isto
159 329 293 357 versu
325 316 449 356 certa
473 313 649 356 ratione
682 313 915 368 collegisse
949 312 1033 355 sibi
1065 312 1186 355 visus
1215 317 1295 355 est.
1346 312 1417 355 Sic
1450 313 1563 356 enim

44 401 200 429 versus
223 386 551 442 intellegendus
580 389 650 429 cst
667 389 717 429 ut
734 403 821 429 vox
843 385 955 442 ἠῴην
972 385 1280 442 praedicativa
1302 386 1374 429 sit.
1437 385 1564 429 Inter

39 473 86 501 se
128 457 345 501 differunt
385 473 499 500 mare
539 460 739 501 orientale
780 462 826 501 et
867 472 981 499 mare
1024 460 1079 500 ad
1123 459 1321 500 ονίοηίο-ηι
1363 463 1562 511 speciano.

39 529 227 573 Accedit
259 529 375 586 quod
406 529 650 573 scholiasta
665 530 694 586 ¹)
737 530 798 573 sic
842 545 1017 573 sensum
1057 531 1297 572 verborum
1328 530 1559 587 exprimit:

45 605 166 657 φησὶν
198 601 256 644 ὅτι
417 605 486 644 καὶ
518 618 576 644 οτι
599 636 606 645 .
627 637 635 645 .
656 636 692 646 ..
728 607 892 659 φέρεται·
924 603 959 644 δ
949 606 989 643 ά
1025 618 1130 650 τινος
1165 606 1375 658 ‘papa-mog
1408 602 1462 651 εὶς
1494 608 1564 661 τὴν

35 677 144 730 πρὸς
175 673 378 722 ἀνατολὰς
409 675 639 716 θάλασσαν.
710 674 870 731 ltaque
912 673 1154 716 scholiasta
1193 674 1419 730 regionem
1451 676 1561 718 caeli

36 745 186 802 potius
232 759 362 802 quam
404 760 562 788 nomen
603 745 738 788 maris
770 745 1003 802 proprium
1042 745 1281 789 intellexit.
1344 745 1467 789 Idem
1498 747 1562 790 lo-

38 816 201 873 quendi
240 831 378 872 genus
411 816 670 859 Herodotus
712 817 951 873 usurpavit
999 817 1082 873 (IV
1107 818 1226 872 100),
1261 817 1335 859 ubi
1367 818 1420 861 de
1453 818 1561 875 Scy-

41 889 221 932 tharum
265 889 442 932 sedibus
485 889 722 941 disseruit,
766 893 835 931 καὶ
867 893 915 932 τὰ
946 893 1047 946 πρὸς
1088 891 1310 947 θαλάσσης
1341 899 1413 948 τῆς
1444 890 1564 949 ἠοίης

38 951 233 1018 νὲμὸνται.
295 960 419 1014 Quae
451 962 591 1004 verba
621 961 677 1003 ad
708 964 855 1004 totum
885 976 1007 1005 mare
1029 961 1264 1005 Ponticum
1293 962 1428 1017 (sicut
1458 979 1563 1006 non-

37 1032 151 1075 nulli
173 1036 543 1076 commentatores
571 1034 823 1088 autumant)
846 1033 1074 1089 pertinere
1097 1049 1185 1076 non
1203 1037 1404 1090 possunt.
1449 1034 1562 1078 Nam

37 1103 294 1148 Herodotus
317 1096 418 1148 inde
433 1106 487 1147 ab
500 1105 651 1148 Histri
669 1105 783 1148 ostio
800 1105 1012 1162 incipiens
1037 1109 1178 1162 (capp.
1198 1106 1415 1161 99—100)
1441 1121 1561 1150 oram

37 1176 173 1219 maris
205 1192 344 1234 usque
376 1177 433 1220 ad
465 1177 650 1220 Tanaim
683 1177 898 1234 depingit.
961 1178 1160 1220 Primum
1191 1177 1244 1221 de
1276 1182 1408 1235 parte
1441 1179 1562 1223 inter

36 1248 244 1292 Histrum
291 1253 337 1292 et
381 1248 652 1302 Carcinitin,
697 1252 793 1292 tum
839 1249 892 1292 de
923 1249 1186 1306 paeninsula
1218 1249 1340 1292 cuius
1388 1256 1562 1307 partem

36 1318 230 1362 infimam
253 1319 393 1362 Tauri
424 1320 637 1373 incolunt,
671 1320 829 1364 deinde
862 1320 916 1364 de
948 1321 1056 1364 locis
1090 1336 1227 1378 supra
1253 1321 1426 1365 Tauros
1461 1323 1562 1366 sitis

35 1405 174 1448 usque
207 1391 264 1434 ad
295 1391 545 1448 Bosporum
578 1392 873 1445 Cimmerium,
913 1392 1100 1450 denique
1133 1393 1185 1437 de
1217 1394 1474 1450 regionibus
1507 1397 1562 1439 ab

37 1463 264 1507 occidente
296 1464 490 1521 Bospori
520 1465 783 1523 paluclisque
814 1466 1060 1509 Maeoticae
1104 1481 1243 1524 usque
1289 1467 1346 1510 ad
1378 1468 1564 1511 Tanaim

34 1536 232 1580 disserit.
292 1537 416 1594 Ergo
449 1537 563 1580 illud
593 1541 642 1580 τὰ
674 1543 772 1595 πρὸς
805 1541 1025 1597 θαλάσσης
1057 1547 1130 1595 τῆς
1160 1538 1280 1597 ἠοίης
1313 1539 1366 1583 de
1398 1540 1558 1597 exigua

31 1609 167 1653 Ponti
197 1612 329 1666 parte
361 1610 418 1652 ad
449 1610 668 1654 orientem
713 1614 945 1668 spectante
991 1611 1183 1665 dicitur,
1227 1628 1368 1670 neque
1402 1613 1454 1656 de
1485 1628 1560 1656 no-

35 1681 151 1725 mine
182 1681 319 1725 Ponti
361 1682 545 1739 proprio
590 1682 659 1725 hic
705 1683 856 1739 agitur
870 1684 915 1740 2).
977 1683 1212 1727 Mittamus
1256 1683 1398 1740 igitur
1440 1684 1564 1727 illam

35 1752 266 1795 Gerhardi
296 1753 609 1797 coniecturam.
1528 1745 1533 1748 ⁴

149 1823 244 1866 Iam
287 1823 421 1866 aliam
462 1824 581 1867 viam
624 1824 703 1867 alii
747 1827 1025 1878 monstrant,
1073 1824 1149 1881 qui
1196 1825 1346 1868 dicant
1388 1825 1561 1869 Ionium

35 1907 158 1936 mare
189 1897 366 1950 partem
387 1894 706 1938 occidentalem
727 1895 863 1938 Ponti
884 1895 1050 1937 Euxini
1080 1898 1380 1952 nuncupatum
1407 1912 1502 1940 esse
1517 1896 1561 1953 3),

30 1962 160 2016 Quae
193 1963 267 2006 via
298 1959 642 2008 difficultatibus
689 1981 776 2008 non
820 1969 969 2019 caret,
1016 1980 1067 2008 ea
1105 1965 1386 2023 potissimum
1430 1982 1563 2010 causa

34 2035 158 2093 quod
189 2036 448 2094 ceteroquin
479 2038 596 2095 apud
619 2036 907 2095 Apollonium
940 2038 1056 2081 sicut
1087 2038 1205 2095 apud
1236 2042 1410 2082 ceteros
1442 2039 1562 2098 'lovi-q

33 2105 111 2155 ἅλς
141 2105 215 2149 vel
247 2105 386 2156 Ἰόνιος
418 2110 570 2157 κόλπος
616 2109 668 2151 (16
709 2108 825 2150 mari
863 2108 984 2152 inter
1025 2108 1207 2151 Italiam
1248 2113 1293 2152 et
1326 2108 1562 2152 Graeciam

32 2176 331 2234 intellegitur.
410 2180 510 2222 Duo
552 2180 630 2223 alii
667 2180 753 2223 loci
795 2183 923 2233 sunt,
970 2181 1039 2224 IV
1061 2181 1157 2224 308.
1192 2181 1288 2224 632.
1370 2182 1437 2224 De
1484 2182 1563 2225 hoc

37 2248 123 2305 (IV
145 2250 260 2306 632),
294 2251 369 2308 qui
399 2252 445 2294 in
467 2252 648 2295 dubium
669 2252 822 2295 vocari
845 2268 932 2295 non
953 2256 1118 2309 potest,
1151 2253 1342 2310 primum
1364 2262 1560 2310 agamus.

34 2319 178 2364 Poeta
208 2320 318 2366 dicit
339 2323 586 2367 Eridanum
617 2324 801 2369 fluvium
831 2324 878 2367 in
907 2339 1030 2368 mare
1052 2325 1226 2368 Ionium
1257 2326 1454 2380 effluere,
1486 2326 1561 2369 ubi

131 2488 162 2533 ι)
188 2488 234 2524 ad
261 2488 296 2523 11
322 2491 400 2525 743.

126 2551 163 2594 2)
190 2552 220 2585 A
249 2563 287 2587 re
313 2563 383 2587 non
411 2553 567 2589 alienum
585 2555 655 2591 erit
676 2556 785 2591 etiam
805 2556 895 2591 alios
915 2555 1090 2592 Herodoti
1119 2555 1218 2593 locos
1246 2556 1421 2603 conferre,
1448 2557 1499 2595 IV
1519 2561 1559 2597 13

34 2616 71 2646 et
89 2613 145 2646 37.
173 2612 298 2658 V131,
324 2614 386 2649 ubi
412 2616 432 2662 ἡ
460 2614 609 2650 θάλασσα
636 2617 656 2664 ἡ
686 2618 804 2664 βορηίη
833 2617 938 2653 modo
965 2613 1065 2653 mare
1093 2619 1291 2664 Ponticum,
1317 2621 1421 2656 modo
1439 2628 1563 2667 partos

36 2674 147 2709 maris
173 2676 331 2720 Aegaei,
366 2677 386 2721 ἡ
414 2678 505 2724 νοτίη
533 2677 683 2713 θάλασσα
709 2684 829 2714 autem
862 2679 966 2715 modo
993 2691 1092 2715 mare
1120 2680 1278 2716 Indicum
1296 2710 1304 2726 ,
1330 2688 1404 2717 tum
1432 2690 1557 2729 partes

34 2735 165 2780 Aegei,
191 2735 344 2783 denique
369 2739 478 2774 etiam
505 2750 603 2775 marc
636 2741 824 2776 Ponticum
850 2741 1064 2786 significant.
1117 2743 1216 2788 Quae
1244 2745 1291 2780 sit
1318 2745 1412 2781 ratIO
1438 2757 1555 2791 gram-

38 2797 184 2842 matica,
210 2797 317 2836 facile
343 2802 555 2847 perspicies.

33 2888 39 2894 .
128 2860 165 2904 3)
203 2861 286 2896 Seil.
314 2856 512 2900 Merkelius
552 2864 599 2900 ad
625 2867 694 2912 Ap.
724 2865 791 2902 Rh.
819 2866 851 2901 11
881 2868 960 2904 745.
1020 2868 1319 2906 Wilamowitzius
1356 2870 1559 2908 Herakles2
