1839 3265
802 178 1082 220 ..42-

192 301 235 340 et
268 297 463 338 Sieiliam
508 295 618 338 sitos·
668 310 788 348 (¹Ss(‘;
835 293 877 335 id
911 292 1027 349 quod
1059 291 1265 335 Timacus
1310 295 1428 335 teste
1463 290 1707 336 scholiasta

192 367 244 408 :id
270 369 351 423 Ap.
384 368 518 409 Rhod.
553 368 618 411 lv
651 369 734 409 7843
768 381 927 409 revera
949 364 1213 408 enuntiavit.
1277 363 1388 406 Tum
1409 378 1521 420 quae
1539 363 1704 407 Strabo

200 440 239 481 Y
272 439 354 480 224
388 439 439 481 de
487 439 631 481 insula
662 438 875 481 Aethalia
906 436 1114 479 narravit
1155 438 1260 479 sunt
1292 435 1419 492 quasi
1450 451 1588 479 nexus
1620 451 1704 493 quo

193 509 268 551 illa
315 509 367 551 de
410 510 559 552 eadem
601 509 746 551 insula
793 508 909 564 apud
940 507 1069 550 Diod.
1102 506 1170 550 IV
1202 506 1257 548 56
1304 510 1350 549 et
1380 506 1488 549 haec
1518 505 1704 563 pseudo-

193 581 471 624 aristotelica
503 575 841 637 coniimguntur.
903 579 1104 635 Denique
1131 578 1238 621 haec
1259 577 1312 620 de
1327 577 1479 620 Aetna
1500 580 1552 620 ut
1573 575 1705 634 paulo

193 656 294 694 ante
328 652 514 694 vidimus
549 652 653 694 item
687 651 866 693 Tim-<100
899 649 1164 693 vindicanda
1195 652 1313 691 sunt.

307 727 428 776 Quae
461 739 555 765 cum
587 723 652 765 ita
684 723 800 776 sint,
851 721 1071 764 conclusio
1117 720 1383 776 scriptorem
1425 719 1471 762 in
1502 718 1572 761 his
1605 713 1704 761 con-

189 793 432 836 seribendis
467 794 635 836 Timaei
668 795 805 837 verba
837 793 882 835 in
914 809 1039 835 suum
1071 808 1196 834 usum
1229 790 1507 834 convertisse
1539 788 1706 833 evitari

190 881 275 906 non
320 868 483 920 potest.
557 865 691 907 Iuvat
738 864 878 920 igitur
923 880 975 906 ex
1020 863 1086 905 his
1128 862 1310 905 nonulla
1343 876 1453 918 quae
1485 860 1706 903 rationem

192 935 362 977 Timaei
393 935 438 976 in
469 935 549 978 hac
580 935 731 978 fabula
763 934 1002 978 tractanda
1024 933 1186 977 clarius
1211 933 1445 975 illustrent
1477 931 1704 987 colligere.

188 1007 287 1049 Non
319 1007 459 1049 solum
492 1007 604 1049 enini
635 1009 918 1049 monumenta
949 1005 1102 1061 Argus
1138 1010 1182 1047 et
1214 1004 1304 1046 ista
1333 1002 1581 1055 mirabilia,
1627 1002 1704 1045 sed

188 1076 321 1118 etiam
352 1076 535 1119 Homeri
568 1078 705 1119 verba
738 1076 864 1132 quasi
885 1075 1124 1132 plurimum
1146 1073 1357 1126 valentia,
1391 1088 1502 1129 quae
1528 1073 1703 1130 quidem

190 1146 496 1189 demonstrent
528 1147 738 1190 Planctas
772 1147 817 1188 in
849 1146 963 1190 ostio
996 1146 1131 1189 Ponti
1175 1160 1263 1188 non
1295 1159 1391 1187 esse
1421 1144 1594 1201 positas
1627 1144 1706 1188 sed

188 1218 304 1260 circa
336 1219 527 1261 Aetnam
561 1224 605 1262 et
637 1219 854 1272 Siciliam,
902 1219 1118 1262 advocata
1161 1220 1277 1260 sunt.
1351 1216 1468 1258 Item
1508 1218 1704 1272 apparet

192 1289 415 1332 Timaeum
463 1306 549 1333 non
580 1291 702 1333 'satis
743 1290 949 1332 habuisse
990 1305 1099 1333 vera
1144 1289 1217 1332 vel
1247 1286 1511 1330 verisimilia
1542 1286 1595 1330 dc
1626 1285 1707 1329 hae

193 1361 425 1417 praeclara
465 1361 744 1418 expeditione
788 1376 1020 1415 narrasse,
1070 1360 1148 1404 sed
1188 1360 1322 1404 etiam
1365 1357 1483 1400 falsa
1523 1371 1574 1400 ac
1605 1372 1704 1414 per-

194 1448 326 1475 versa
357 1434 594 1476 refutasse.

308 1503 605 1560 Consequitur
651 1519 704 1547 ex
747 1504 813 1547 his
846 1504 1059 1547 hactenus
1102 1502 1345 1560 disputatis
1378 1502 1569 1545 alteram
1601 1515 1706 1557 par-

190 1578 279 1616 tem
320 1574 446 1616 huius
492 1576 650 1631 capitis
696 1578 741 1618 et
772 1590 903 1617 unam
935 1574 1263 1631 simplicemque
1301 1589 1396 1616 esse
1444 1577 1489 1617 et
1523 1572 1703 1616 Timaeo

190 1644 508 1687 vindicandam.
582 1647 748 1689 Restat
779 1649 829 1688 ut
859 1645 982 1688 locus
1024 1645 1100 1688 ille
1133 1661 1218 1702 quo
1251 1645 1397 1688 oratio
1429 1659 1455 1686 a
1485 1644 1630 1701 prima
1660 1643 1707 1685 in

192 1716 380 1759 alteram
403 1721 576 1773 partem
609 1717 734 1774 quasi
754 1717 923 1760 transit
954 1717 1105 1774 paucis
1137 1719 1378 1760 tractetur.
1440 1716 1562 1759 Haec
1594 1715 1708 1759 enim

191 1788 413 1830 sententia
444 1790 500 1830 ἔτι
530 1790 571 1830 δὲ
603 1790 784 1842 λέγουσιν
935 1787 969 1830 εἰ
1000 1792 1055 1845 μὴ
1090 1788 1253 1831 ἐκεῖθεν
1285 1788 1456 1830 ἀπέπλει
1488 1803 1537 1830 eo
1571 1787 1706 1830 offen-

192 1858 259 1900 dit
302 1858 416 1914 quod
458 1859 618 1901 ἐκεῖθεν
661 1859 699 1901 si
739 1859 875 1902 situm
920 1859 1118 1902 locorum
1161 1859 1360 1902 omnibus
1407 1860 1517 1902 bene
1548 1862 1705 1901 notum

192 1930 399 1986 respicis,
452 1930 505 1972 iis
553 1945 663 1986 quae
714 1930 983 1973 antecedunt
1022 1930 1199 1973 minime
1245 1930 1576 1974 accomodatum
1621 1931 1704 1972 est.

198 2000 304 2053 Quis
353 2000 465 2043 enim
509 2001 600 2044 tale
644 2000 941 2043 ratiocinandi
982 2001 1141 2044 vitium
1183 2001 1229 2043 in
1272 2017 1318 2045 se
1363 2000 1627 2044 admitteret
1657 2003 1710 2044 ut

193 2076 476 2115 asseveraret
521 2089 628 2129 opus
671 2088 766 2115 esse
798 2073 1103 2129 Argonautas,
1151 2073 1254 2130 quia
1284 2088 1365 2129 per
1395 2071 1587 2114 Adriam
1616 2071 1708 2115 iter

197 2143 408 2195 fecerant,
442 2144 603 2186 idcireo
635 2160 714 2200 per
746 2145 957 2188 Planctas
989 2145 1260 2201 navigasse?
1334 2144 1484 2198 Quare
1514 2143 1561 2186 in
1591 2143 1706 2185 diffi-

195 2214 361 2257 cultate
405 2215 686 2270 infringenda
714 2215 825 2257 nihil
864 2216 1104 2272 proficeret
1131 2215 1206 2272 qui
1228 2216 1341 2258 illud
1369 2203 1537 2257 ἐᾶιεῖθεν
1568 2217 1707 2271 temp-

194 2287 327 2326 taret.
397 2285 691 2328 Concedamus
726 2286 839 2328 enim
879 2287 1102 2340 Πλάγκτας
1141 2287 1199 2329 ad
1239 2287 1360 2329 freta
1397 2285 1546 2328 Sicula
1586 2301 1706 2342 spec-

194 2357 293 2398 tare
311 2356 339 2410 ¹)
416 2356 478 2411 (id
536 2357 650 2413 quod
717 2358 916 2401 dubitari
969 2375 1056 2401 non
1108 2359 1256 2415 debet)
1320 2363 1415 2402 tum
1470 2360 1705 2401 contextus

293 2463 324 2505 1)
350 2461 557 2498 Enmannus
585 2464 725 2508 quidem
751 2465 774 2499 1.
803 2476 831 2500 c.
867 2476 949 2510 pag.
980 2468 1045 2501 193
1073 2477 1170 2510 seqq.
1198 2471 1237 2501 ut
1271 2477 1400 2510 magno
1428 2465 1591 2501 acumine
1616 2465 1707 2500 haec

197 2521 382 2564 tractavit,
423 2522 475 2556 ita
501 2523 569 2557 hac
594 2525 630 2558 in
658 2536 696 2560 re
723 2537 801 2561 mea
835 2526 1017 2561 sententia
1045 2537 1237 2571 perperam
1264 2526 1449 2561 iudicavit.
1500 2527 1586 2561 Cum
1612 2526 1706 2562 enim

198 2580 265 2614 sibi
290 2584 532 2625 persuasisset
571 2591 683 2620 totum
721 2591 830 2631 caput
857 2598 877 2621 a
903 2587 1050 2623 Timaeo
1078 2588 1312 2632 repetendum
1338 2598 1436 2631 esse,
1470 2587 1590 2622 omnia
1615 2598 1707 2632 quae

201 2647 283 2676 sunt
316 2642 359 2677 de
385 2643 509 2677 Histro
546 2651 581 2679 et
609 2646 722 2680 Adria
756 2647 844 2680 nihil
872 2659 951 2682 esse
978 2648 1133 2683 credidit
1158 2649 1228 2683 nisi
1262 2652 1476 2692 argumenta
1517 2647 1708 2692 scriptoris

199 2701 381 2736 cuiusdam
419 2704 479 2747 qui
517 2704 669 2738 reditum
707 2717 771 2749 per
802 2707 964 2742 Histrum
991 2708 1128 2744 factum
1165 2720 1247 2745 esse
1286 2707 1543 2751 contenderet,
1592 2707 1708 2743 eidem

204 2763 373 2806 scriptori
400 2775 502 2807 quem
528 2764 695 2800 Timaeus
722 2767 966 2811 impugnaret,
1006 2770 1114 2804 etiam
1153 2771 1247 2805 hanc
1285 2768 1502 2804 sententiam
1528 2768 1574 2802 ἔτι
1599 2768 1634 2802 δὲ
1658 2768 1709 2803 λέ-

199 2832 305 2865 γουσιν
331 2837 397 2857 κτε.
425 2825 651 2860 tribuendam
679 2838 767 2861 esse.
819 2828 939 2863 Verba
965 2830 1046 2874 ipsa
1072 2831 1184 2866 habes
1211 2834 1308 2876 (pag.
1338 2831 1418 2874 196)
1445 2829 1517 2864 Die
1549 2829 1702 2875 Cyanei-

197 2881 299 2918 schen
328 2885 450 2918 Inseln
481 2887 583 2931 lagyen
610 2898 659 2922 cm
685 2888 746 2923 der
773 2889 968 2937 Mimclzmy
1006 2891 1066 2926 des
1092 2892 1207 2928 Istros
1231 2893 1309 2928 wnd
1333 2891 1500 2936 warczen,
1535 2889 1614 2925 und
1638 2889 1707 2926 das
