1839 3265
791 183 1079 225 -62-

180 298 498 350 Arg-‹nmutivis
547 297 809 339 enarrandis
858 297 999 339 multa
1045 297 1177 341 debet
1204 298 1247 352 ¹).
1351 298 1516 342 Confer
1562 297 1704 354 igitur

182 369 310 409 lliod.
335 369 400 410 lv
423 370 492 420 45,
527 367 599 409 ubi
632 368 738 409 haec
769 367 1009 423 leguntur:
1045 372 1145 425 μετὰ
1175 371 1218 412 δὲ
1249 377 1372 413 ταῦτα
1403 374 1700 425 συνοικήσασαν

183 440 224 493 (ἰ.
261 458 295 482 e.
329 441 521 496 Ἑκάτην)
558 438 685 495 Αἰήτῃ
718 448 903 496 γεννῆσαι
944 441 1014 482 δὺο
1046 443 1306 496 θυγατέρας,
1351 443 1509 500 Κίρκην
1549 459 1589 485 τε
1630 445 1701 484 ’καὶ

183 512 375 568 Μήδειαν,
421 513 476 553 ἔτι
521 512 554 552 δ’
602 510 684 553 υἱον
730 511 945 565 Αἰγιαλέα.
1017 511 1264 568 Dionysius
1295 514 1437 570 igitur
1470 514 1615 557 tradit
1647 529 1700 557 ex

175 598 259 625 una
303 588 446 626 matre
497 574 659 626 Hecate
711 598 858 625 omnes
902 599 998 627 esse
1044 590 1286 641 susceptos.
1363 586 1480 639 Quid
1519 586 1697 642 igitur?

176 656 301 698 Nunc
345 655 606 697 concludere
648 655 754 698 licet
799 654 916 711 quod
956 656 1043 698 iam
1084 671 1138 699 ex
1170 657 1236 700 his
1270 658 1323 701 de
1354 659 1546 702 carmine
1580 659 1698 701 Nau-

175 727 321 784 pactio
355 727 570 779 elucebat,
606 727 893 769 scholiastam
924 743 1017 770 rem
1046 729 1339 785 neglegenter
1370 732 1594 774 tractasse
1626 744 1699 773 ne-

175 815 257 855 que
291 799 462 841 omnino
497 799 541 840 id
571 798 823 855 respexisse
855 799 971 856 quod
1003 800 1144 856 primo
1185 802 1345 844 obtutu
1382 801 1568 844 maxime
1606 816 1698 845 res-

172 871 320 927 picere
352 871 544 914 videtur.
607 871 787 913 Revera
818 870 871 913 de
898 871 1067 913 duabus
1092 871 1263 915 Aeetae
1295 872 1510 915 uxoribus
1542 887 1596 915 ne
1628 880 1695 915 'co-

171 942 340 998 gitavit
371 942 566 999 quidem,
609 958 748 999 neque
782 943 978 999 vestigia
1010 944 1241 1000 Apollonii
1283 944 1455 1001 pressit
1498 944 1572 1001 qui
1603 944 1694 987 alia

172 1018 316 1057 matre
348 1015 627 1071 Apsyrtuni,
671 1015 761 1057 alia
800 1016 1001 1059 Medeam
1041 1021 1195 1059 natum
1235 1032 1332 1059 esse
1375 1016 1494 1060 (licit.
1557 1017 1694 1060 Immo

172 1087 323 1129 varias
365 1102 419 1129 ex
460 1086 653 1129 diversis
694 1088 894 1131 fontibus
937 1088 1186 1130 sententias
1231 1088 1283 1131 ‹le
1314 1088 1489 1131 nomine
1521 1088 1694 1132 Aeetae

174 1159 370 1215 coniugis
414 1160 661 1216 composuit
702 1165 747 1203 et
792 1160 848 1202 ad
890 1160 1003 1202 hune
1048 1176 1227 1203 versum
1270 1160 1590 1203 illustrandum
1621 1161 1694 1203 ad-

173 1231 367 1287 scripsit.

287 1304 447 1360 ltaque
480 1319 533 1346 ex
565 1303 632 1345 his
675 1304 890 1362 Σοφοκλῆς
923 1304 995 1361 [δὲ]
1026 1305 1210 1360 Νέαιραν
1242 1309 1335 1361 μίαν
1366 1313 1441 1347 τῶν
1475 1305 1693 1363 Νηρηίδων

171 1375 283 1418 nihil
321 1379 503 1432 praeter
545 1391 702 1418 nomen
732 1376 955 1419 Neaeram
987 1377 1300 1433 comperimus:
1347 1380 1500 1420 utrum
1544 1381 1693 1420 autem

171 1447 251 1489 illa
297 1447 496 1503 Apsyrti
539 1462 595 1489 an
641 1445 822 1490 Medeae
867 1452 1013 1491 mater
1054 1448 1216 1502 fuerit,
1278 1449 1420 1492 adhuc
1474 1449 1695 1492 incertum

172 1524 241 1560 est
260 1517 301 1570 2).
376 1518 517 1561 Tollit
559 1522 707 1561 autem
750 1522 801 1562 ut
843 1519 951 1561 mihi
993 1520 1174 1563 videtur
1215 1520 1327 1562 hanc
1367 1519 1694 1563 dubitationem

171 1589 383 1631 scholium
415 1589 460 1630 in
491 1590 558 1632 IV
590 1590 687 1631 223.
750 1590 839 1633 Sed
878 1591 1068 1647 primum
1109 1591 1264 1648 pedem
1310 1591 1522 1634 sistamus
1554 1595 1600 1634 et
1629 1590 1693 1634 lo-

171 1666 266 1703 cum
313 1661 630 1704 difficultatum
672 1661 850 1718 plenum
890 1663 1074 1719 propius
1116 1663 1414 1720 inspiciamus.
1477 1662 1694 1705 Numero-

170 1748 268 1774 rum
310 1734 429 1776 ratio
473 1734 686 1790 quomodo
728 1735 1010 1778 restituenda
1056 1735 1138 1789 sit,
1186 1750 1400 1793 quaerere
1440 1735 1557 1778 nolo.
1618 1734 1694 1777 Ad

169 1804 449 1860 propositum
482 1805 596 1846 enim
628 1806 739 1848 satis
774 1806 875 1859 erit,
909 1807 948 1849 si
980 1807 1282 1850 recensionem
1313 1807 1554 1849 verborum
1586 1819 1692 1862 pau·

172 1876 232 1918 eis
280 1877 489 1932 tetigero.
552 1878 606 1920 In
646 1878 825 1921 scholiis
867 1879 1186 1922 Laurentianis
1229 1879 1400 1935 legitur
1442 1880 1691 1933 βλάστεοκεν

169 1949 241 2004 ἣνε
285 1948 549 1991 Florentina
581 1951 730 1991 autem
763 1952 808 1992 et
839 1949 1046 1993 Parisina
1077 1950 1123 1992 in
1155 1950 1382 2007 scriptura
1415 1952 1689 2005 βλαστάνεσκε

173 2024 243 2077 τὴν
277 2020 309 2062 δ’
343 2021 615 2077 proferenda
659 2022 954 2066 consentiunt.
1041 2022 1274 2066 Mittamus
1319 2021 1528 2064 iudicium
1570 2022 1692 2065 inter

170 2095 395 2148 βλάστεσκε
429 2097 474 2136 et
507 2095 806 2150 βλαστάνεσκε,
850 2109 951 2137 nam
990 2095 1132 2138 totius
1170 2094 1239 2138 rei
1283 2093 1410 2151 quasi
1454 2093 1587 2136 cardo
1621 2097 1691 2136 est

173 2165 374 2221 quaestio
406 2165 527 2208 inter
558 2166 605 2222 ἣν
637 2168 683 2208 et
714 2169 783 2223 τὴν
817 2166 866 2208 δ’.

283 2238 378 2279 Iam
409 2238 527 2294 quod
558 2238 615 2280 ad
644 2238 982 2282 fundamentum
1013 2237 1217 2281 criticum
1247 2237 1294 2280 in
1325 2237 1506 2280 scholiis
1538 2252 1688 2281 recen-

173 2309 320 2352 sendis
353 2309 533 2361 attinet,
566 2309 654 2352 alio
685 2310 781 2352 loco
815 2309 1126 2354 demonstrare
1157 2313 1342 2353 conatus
1375 2324 1471 2352 sum
1501 2309 1580 2352 hos
1615 2308 1690 2366 qui

168 2381 302 2436 vulgo
335 2380 583 2424 deteriores
616 2381 765 2424 fontes
803 2382 1092 2438 appellantur
1123 2381 1240 2424 haud
1271 2380 1544 2438 spernendos
1577 2396 1687 2424 esse.

169 2452 518 2508 Disceptandum
558 2452 700 2508 igitur
742 2458 811 2496 est
851 2453 972 2497 inter
1003 2453 1081 2496 has
1115 2453 1225 2495 duas
1274 2453 1525 2509 scripturas
1583 2456 1690 2495 utra

169 2524 325 2567 melior
358 2525 430 2568 sit.
494 2525 548 2567 In
591 2525 850 2568 universum
891 2525 1117 2569 sententia
1164 2524 1341 2567 minime
1386 2524 1560 2567 incerta
1605 2528 1686 2578 est,

168 2600 298 2639 natos
339 2597 510 2640 Aeetae
552 2597 703 2640 eadem
748 2602 893 2641 matre
924 2613 1012 2641 non
1044 2600 1295 2654 susceptos⁷
1343 2596 1482 2638 filium
1514 2594 1688 2652 quidem

263 2772 298 2816 1)
325 2772 376 2806 Cf.
404 2771 572 2807 Bethium
606 2772 747 2816 Quaest.
774 2771 979 2806 Diodoreae
1004 2770 1286 2816 mythoffl·aphae
1311 2779 1393 2814 pag.
1422 2773 1476 2806 13.

261 2835 298 2877 2)
326 2834 384 2868 Sic
410 2833 596 2868 Nauckius
628 2833 730 2878 Traq.
762 2832 824 2868 Gr.
852 2833 981 2877 Fmffi:
1031 2832 1131 2877 Quae
1165 2831 1326 2866 dubitari
1353 2835 1471 2875 potest
1495 2835 1617 2868 utrum
1635 2831 1686 2871 ,de

164 2894 318 2940 Apsyrti
343 2906 393 2929 cm
419 2896 569 2930 Medeae
592 2900 706 2931 matre
726 2895 964 2940 intelleyenda
991 2895 1073 2930 sint.
1698 2902 1702 2906 ·
